@misc{中国制造2025,
  title = {国务院关于印发《中国制造2025》的通知},
  author = {国务院},
  year = {2015},
  note = {国发〔2015〕28号},
  url = {https://www.gov.cn/zhengce/content/2015-05/19/content_9784.htm}
}
@misc{2022中国智能机器人行业研究报告,
  author = {艾瑞咨询},
  title={中国智能机器人行业研究报告},
  url={https://report.iresearch.cn/report/202211/4567.shtml},
  year={2022},
  journal={2022艾瑞咨询11月研究报告会论文集}
}
@misc{政府工作报告,
  author       = {新华网},
  title        = {政府工作报告},
  howpublished = {\url{https://www.gov.cn/gongbao/2025/issue_11946/202503/content_7015861.html}},
  year         = {2025},
  url          = {https://www.gov.cn/gongbao/2025/issue_11946/202503/content_7015861.html},
  note         = {访问日期：2025年5月19日}
}
@article{德国工业4.0,
  title={Industry 4.0},
  author={Lasi, Heiner and Fettke, Peter and Kemper, Hans-Georg and Feld, Thomas and Hoffmann, Michael},
  journal={Business \& information systems engineering},
  volume={6},
  pages={239--242},
  year={2014},
  publisher={Springer},
  doi={10.1007/s12599-014-0334-4}
}
@misc{bostondynamics,
  author       = {Boston Dynamics},
  title        = {An Electric New Era for Atlas},
  year         = {2025},
  url          = {https://bostondynamics.com/blog/electric-new-era-for-atlas/},
  note         = {访问日期：2025年2月25日}
}
@misc{bostondynamics_box,
  author       = {Boston Dynamics},
  title        = {Boston Dynamics YouTube Channel},
  howpublished = {\url{https://www.youtube.com/BostonDynamics/videos}},
  year         = {2025},
  note         = {访问日期：2025年2月25日}
}
@misc{stoegerautomation_spatz,
  author       = {STOEGER Automation},
  title        = {SPATZ – Screwdriving robot of the future},
  howpublished = {\url{https://www.youtube.com/watch?v=ESITp_bXorg}},
  year         = {2025},
  note         = {访问日期：2025年2月25日}
}
@misc{xtech_robot,
  author       = {XTech},
  title        = {China's Strongest AI Robot is Here! All-Purpose Household Assistant for Folding Clothes and Cooking},
  howpublished = {\url{https://www.youtube.com/watch?v=bgjoo1t2Koc}},
  year         = {2025},
  note         = {访问日期：2025年2月25日}
}
@misc{optimus_wikipedia,
  author       = {维基百科},
  title        = {Optimus (robot)},
  howpublished = {\url{https://en.wikipedia.org/wiki/Optimus_(robot)}},
  year         = {2025},
  note         = {访问日期：2025年2月25日}
}
@ARTICLE{objectDetectionSurvey,
  author={Zou, Zhengxia and Chen, Keyan and Shi, Zhenwei and Guo, Yuhong and Ye, Jieping},
  journal={Proceedings of the IEEE}, 
  title={Object Detection in 20 Years: A Survey}, 
  year={2023},
  volume={111},
  number={3},
  pages={257-276},
  doi={10.1109/JPROC.2023.3238524}}
@article{keypointSurvey,
  author = {张晓行 and 田启川 and 廉露 and 谭润},
  title = {人脸关键点检测研究综述},
  journal = {计算机工程与应用},
  volume = {60},
  number = {12},
  pages = {48-60},
  year = {2024},
  issn = {1002-8331},
  doi = {10.3778/j.issn.1002-8331.2311-0387},
}
@article{poseEstimationSurvey,
  title={Deep Learning-Based Object Pose Estimation: A Comprehensive Survey},
  author={Liu, Jian and Sun, Wei and Yang, Hui and Zeng, Zhiwen and Liu, Chongpei and Zheng, Jin and Liu, Xingyu and Rahmani, Hossein and Sebe, Nicu and Mian, Ajmal},  
  journal={arXiv preprint arXiv:2405.07801},
  year={2024}
}
@article{lecun2015deep,
  title={Deep Learning},
  author={LeCun, Yann and Bengio, Yoshua and Hinton, Geoffrey},
  journal={nature},
  volume={521},
  number={7553},
  pages={436--444},
  year={2015},
  publisher={Nature Publishing Group UK London},
  doi={10.1038/nature14539}
}

@article{doi:10.1126/scirobotics.adw1608,
author = {Robin R. Murphy },
title = {It Is Hard to Be A Robot in The Wild},
journal = {Science Robotics},
volume = {10},
number = {99},
pages = {eadw1608},
year = {2025},
doi = {10.1126/scirobotics.adw1608},
}

@article{doi:10.1177/02783649241285161,
author = {Zhongyu Li and Xue Bin Peng and Pieter Abbeel and Sergey Levine and Glen Berseth and Koushil Sreenath},
title ={Reinforcement Learning for Versatile, Dynamic, and Robust Bipedal Locomotion Control},
journal = {The International Journal of Robotics Research},
volume = {44},
number = {5},
pages = {840-888},
year = {2025},
doi = {10.1177/02783649241285161},
}

@book{蔡自兴2000机器人学,
  title={机器人学},
  author={蔡自兴 and 谢斌},
  year={2000},
  publisher={清华大学出版社}
}

## 脉络梳理-传统方法
@article{SIFT,
  title={Distinctive image features from scale-invariant keypoints},
  author={Lowe, David G},
  journal={IJCV},
  year={2004}
}

@inproceedings{FPFH,
  title={Fast point feature histograms (fpfh) for 3d registration},
  author={Rusu, Radu Bogdan and Blodow, Nico},
  booktitle={ICRA},
  year={2009}
}

@inproceedings{VFH,
  title={Fast 3d recognition and pose using the viewpoint feature histogram},
  author={Rusu, Radu Bogdan and Bradski, Gary},
  booktitle={IROS},
  year={2010}
}

@inproceedings{PPF,
  title={Model globally, match locally: Efficient and robust 3d object recognition},
  author={Drost, Bertram and Ulrich, Markus},
  booktitle={CVPR},
  year={2010}
}

@inproceedings{PPF1,
  title={3d pose estimation of daily objects using an rgb-d camera},
  author={Choi, Changhyun and Christensen, Henrik I},
  booktitle={IROS},
  year={2012}
}

@inproceedings{PPF2,
  title={Rgb-d edge detection and edge-based registration},
  author={Choi, Changhyun and Trevor, Alexander JB},
  booktitle={IROS},
  year={2013}
}

@inproceedings{PPF3,
  title={Point pair features based object detection and pose estimation revisited},
  author={Birdal, Tolga and Ilic, Slobodan},
  booktitle={3DV},
  year={2015}
}

@article{lowe1987three,
  title={Three-dimensional Object Recognition from Single Two-dimensional Images},
  author={Lowe, David G},
  journal={Artificial intelligence},
  volume={31},
  number={3},
  pages={355--395},
  year={1987},
  publisher={Elsevier},
  doi={10.1016/0004-3702(87)90070-1}
}
@InProceedings{Di_2021_ICCV,
    author    = {Di, Yan and Manhardt, Fabian and Wang, Gu and Ji, Xiangyang and Navab, Nassir and Tombari, Federico},
    title     = {SO-Pose: Exploiting Self-Occlusion for Direct 6D Pose Estimation},
    booktitle = {Proceedings of the IEEE/CVF International Conference on Computer Vision (ICCV)},
    month     = {10},
    year      = {2021},
    pages={12376-12385},
    doi={10.1109/ICCV48922.2021.01217}
}
@INPROCEEDINGS{NOCS,
  author={Wang, He and Sridhar, Srinath and Huang, Jingwei and Valentin, Julien and Song, Shuran and Guibas, Leonidas J.},
  booktitle={2019 IEEE/CVF Conference on Computer Vision and Pattern Recognition (CVPR)}, 
  title={Normalized Object Coordinate Space for Category-Level 6D Object Pose and Size Estimation}, 
  year={2019},
  pages={2637-2646},
  doi={10.1109/CVPR.2019.00275}}
@INPROCEEDINGS{SGPA,
  author={Chen, Kai and Dou, Qi},
  booktitle={2021 IEEE/CVF International Conference on Computer Vision (ICCV)}, 
  title={SGPA: Structure-Guided Prior Adaptation for Category-Level 6D Object Pose Estimation}, 
  year={2021},
  pages={2753-2762},
  doi={10.1109/ICCV48922.2021.00277}}
@inproceedings{DPDN,
author = {Lin, Jiehong and Wei, Zewei and Ding, Changxing and Jia, Kui},
title = {Category-Level 6D Object Pose and Size Estimation Using Self-supervised Deep Prior Deformation Networks},
year = {2022},
isbn = {978-3-031-20076-2},
publisher = {Springer-Verlag},
address = {Berlin, Heidelberg},
doi = {10.1007/978-3-031-20077-9_2},
booktitle = {Computer Vision – ECCV 2022},
pages = {19–34},
}
@INPROCEEDINGS{GPV-Pose,
  author={Di, Yan and Zhang, Ruida and Lou, Zhiqiang and Manhardt, Fabian and Ji, Xiangyang and Navab, Nassir and Tombari, Federico},
  booktitle={2022 IEEE/CVF Conference on Computer Vision and Pattern Recognition (CVPR)}, 
  title={GPV-Pose: Category-level Object Pose Estimation via Geometry-guided Point-wise Voting}, 
  year={2022},
  volume={},
  number={},
  pages={6771-6781},
  doi={10.1109/CVPR52688.2022.00666}}
@INPROCEEDINGS{HS-Pose,
  author={Zheng, Linfang and Wang, Chen and Sun, Yinghan and Dasgupta, Esha and Chen, Hua and Leonardis, Aleš and Zhang, Wei and Chang, Hyung Jin},
  booktitle={2023 IEEE/CVF Conference on Computer Vision and Pattern Recognition (CVPR)}, 
  title={HS-Pose: Hybrid Scope Feature Extraction for Category-level Object Pose Estimation}, 
  year={2023},
  volume={},
  number={},
  pages={17163-17173},
  keywords={Point cloud compression;Measurement;Three-dimensional displays;Shape;Convolution;Pose estimation;Feature extraction;3D from single images},
  doi={10.1109/CVPR52729.2023.01646}}
@INPROCEEDINGS{IST-Net,
  author={Liu, Jianhui and Chen, Yukang and Ye, Xiaoqing and Qi, Xiaojuan},
  booktitle={2023 IEEE/CVF International Conference on Computer Vision (ICCV)}, 
  title={IST-Net: Prior-free Category-level Pose Estimation with Implicit Space Transformation}, 
  year={2023},
  volume={},
  number={},
  pages={13932-13942},
  keywords={Deformable models;Solid modeling;Computer vision;Three-dimensional displays;Deformation;Shape;Pose estimation},
  doi={10.1109/ICCV51070.2023.01285}}
@inproceedings{Gen6D,
  author    = {Liu, Yuan and Wen, Yilin and Peng, Sida and Lin, Cheng and Long, Xiaoxiao and Komura, Taku and Wang, Wenping},
  title     = {Gen6D: Generalizable Model-Free 6-DoF Object Pose Estimation from RGB Images},
  booktitle = {Computer Vision -- ECCV 2022},
  year      = {2022},
  publisher = {Springer Nature Switzerland},
  address   = {Cham},
  pages     = {298--315},
  isbn      = {978-3-031-19824-3},
  doi       = {10.1007/978-3-031-19824-3_18}
}
@InProceedings{megapose,
  title = 	 {MegaPose: 6D Pose Estimation of Novel Objects via Render &amp; Compare},
  author =       {Labb\'e, Yann and Manuelli, Lucas and Mousavian, Arsalan and Tyree, Stephen and Birchfield, Stan and Tremblay, Jonathan and Carpentier, Justin and Aubry, Mathieu and Fox, Dieter and Sivic, Josef},
  booktitle = 	 {Proceedings of The 6th Conference on Robot Learning},
  pages = 	 {715--725},
  year = 	 {2023},
  editor = 	 {Liu, Karen and Kulic, Dana and Ichnowski, Jeff},
  volume = 	 {205},
  series = 	 {Proceedings of Machine Learning Research},
  month = 	 {12},
  publisher =    {PMLR},
  url = 	 {https://proceedings.mlr.press/v205/labbe23a.html},
}
@INPROCEEDINGS{SAM-6D,
  author={Lin, Jiehong and Liu, Lihua and Lu, Dekun and Jia, Kui},
  booktitle={2024 IEEE/CVF Conference on Computer Vision and Pattern Recognition (CVPR)}, 
  title={SAM-6D: Segment Anything Model Meets Zero-Shot 6D Object Pose Estimation}, 
  year={2024},
  volume={},
  number={},
  pages={27906-27916},
  doi={10.1109/CVPR52733.2024.02636}}
@INPROCEEDINGS{GigaPose,
  author={Nguyen, Van Nguyen and Groueix, Thibault and Salzmann, Mathieu and Lepetit, Vincent},
  booktitle={2024 IEEE/CVF Conference on Computer Vision and Pattern Recognition (CVPR)}, 
  title={GigaPose: Fast and Robust Novel Object Pose Estimation via One Correspondence}, 
  year={2024},
  volume={},
  number={},
  pages={9903-9913},
  keywords={Solid modeling;Accuracy;Three-dimensional displays;Source coding;Impedance matching;Pose estimation;Predictive models;object pose estimation},
  doi={10.1109/CVPR52733.2024.00945}}

@INPROCEEDINGS{FoundationPose,
  author={Wen, Bowen and Yang, Wei and Kautz, Jan and Birchfield, Stan},
  booktitle={2024 IEEE/CVF Conference on Computer Vision and Pattern Recognition (CVPR)}, 
  title={FoundationPose: Unified 6D Pose Estimation and Tracking of Novel Objects}, 
  year={2024},
  volume={},
  number={},
  pages={17868-17879},
  keywords={Training;Solid modeling;Computer vision;Large language models;Pose estimation;Contrastive learning;Transformers;pose estimation;tracking;robotics},
  doi={10.1109/CVPR52733.2024.01692}}
@article{openvla,
  author  = {Kim, Moo Jin and Pertsch, Karl and Karamcheti, Siddharth and Xiao, Ted and Balakrishna, Ashwin and Nair, Suraj and Rafailov, Rafael and Foster, Ethan Paul and Lam, Grace and Sanketi, Pannag and Vuong, Quan and Kollar, Thomas and Burchfiel, Benjamin and Tedrake, Russ and Sadigh, Dorsa and Levine, Sergey and Liang, Percy and Finn, Chelsea},
  title   = {OpenVLA: An Open-Source Vision-Language-Action Model},
  journal = {CoRR},
  volume  = {abs/2406.09246},
  year    = {2024},
  doi     = {10.48550/ARXIV.2406.09246}
}
@article{liu2024rdt,
  author  = {Liu, Songming and Wu, Lingxuan and Li, Bangguo and Tan, Hengkai and Chen, Huayu and Wang, Zhengyi and Xu, Ke and Su, Hang and Zhu, Jun},
  title   = {{RDT-1B}: A Diffusion Foundation Model for Bimanual Manipulation},
  journal = {CoRR},
  volume  = {abs/2410.07864},
  year    = {2024},
  doi     = {10.48550/ARXIV.2410.07864}
}
@INPROCEEDINGS{wan2023unidexgrasp++,
  author={Wan, Weikang and Geng, Haoran and Liu, Yun and Shan, Zikang and Yang, Yaodong and Yi, Li and Wang, He},
  booktitle={2023 IEEE/CVF International Conference on Computer Vision (ICCV)}, 
  title={UniDexGrasp++: Improving Dexterous Grasping Policy Learning via Geometry-aware Curriculum and Iterative Generalist-Specialist Learning}, 
  year={2023},
  volume={},
  number={},
  pages={3868-3879},
  keywords={Point cloud compression;Geometry;Computer vision;Propioception;Grasping;Iterative methods;Task analysis},
  doi={10.1109/ICCV51070.2023.00360}}
@ARTICLE{li2024grasp,
  author={Li, Yuyang and Liu, Bo and Geng, Yiran and Li, Puhao and Yang, Yaodong and Zhu, Yixin and Liu, Tengyu and Huang, Siyuan},
  journal={IEEE Robotics and Automation Letters}, 
  title={Grasp Multiple Objects With One Hand}, 
  year={2024},
  volume={9},
  number={5},
  pages={4027-4034},
  keywords={Grasping;Kinematics;Task analysis;Reinforcement learning;Point cloud compression;Force;Computational modeling;Robotic grasping;dexterous manipulation;kinematic redundancy;reinforcement learning},
  doi={10.1109/LRA.2024.3374190}}
@INPROCEEDINGS{hodan2024bop,
  author={Hodan, Tomas and Sundermeyer, Martin and Labbé, Yann and Nguyen, Van Nguyen and Wang, Gu and Brachmann, Eric and Drost, Bertram and Lepetit, Vincent and Rother, Carsten and Matas, Jiri},
  booktitle={2024 IEEE/CVF Conference on Computer Vision and Pattern Recognition Workshops (CVPRW)}, 
  title={BOP Challenge 2023 on Detection, Segmentation and Pose Estimation of Seen and Unseen Rigid Objects}, 
  year={2024},
  volume={},
  number={},
  pages={5610-5619},
  keywords={Location awareness;Training;Solid modeling;Accuracy;Three-dimensional displays;Pose estimation;Real-time systems;object pose estimation;object detection;object segmentation;benchmark;unseen objects},
  doi={10.1109/CVPRW63382.2024.00570}}

# 使用机器人和物体之间的相对位姿作为约束来进行机器人的操作规划是一个广泛应用的方式。需要物体模型作为先验，不能用于可变形物体。
@INPROCEEDINGS{kaelbling2011hierarchical,
  author={Kaelbling, Leslie Pack and Lozano-Pérez, Tomás},
  booktitle={2011 IEEE International Conference on Robotics and Automation}, 
  title={Hierarchical Task and Motion Planning in The Now}, 
  year={2011},
  volume={},
  number={},
  pages={1470-1477},
  keywords={Planning;Geometry;Grasping;Semantics;Concrete;Robot sensing systems},
  doi={10.1109/ICRA.2011.5980391}}

# 利用大模型生成关键点及其约束，再规划出合理的机器人操作路径。但48.7%的失败来自于遮挡导致的关键点丢失，而位姿估计算法在对于遮挡具有更好的鲁棒性。
@InProceedings{huang2024rekep,
  title = 	 {ReKep: Spatio-Temporal Reasoning of Relational Keypoint Constraints for Robotic Manipulation},
  author =       {Huang, Wenlong and Wang, Chen and Li, Yunzhu and Zhang, Ruohan and Fei-Fei, Li},
  booktitle = 	 {Proceedings of The 8th Conference on Robot Learning},
  pages = 	 {4573--4602},
  year = 	 {2025},
  editor = 	 {Agrawal, Pulkit and Kroemer, Oliver and Burgard, Wolfram},
  volume = 	 {270},
  series = 	 {Proceedings of Machine Learning Research},
  month = 	 {06--09 Nov},
  publisher =    {PMLR},
  pdf = 	 {https://raw.githubusercontent.com/mlresearch/v270/main/assets/huang25g/huang25g.pdf},
  url = 	 {https://proceedings.mlr.press/v270/huang25g.html},
}
@INPROCEEDINGS{rublee2011orb,
  author={Rublee, Ethan and Rabaud, Vincent and Konolige, Kurt and Bradski, Gary},
  booktitle={2011 International Conference on Computer Vision}, 
  title={ORB: An Efficient Alternative to SIFT or SURF}, 
  year={2011},
  volume={},
  number={},
  pages={2564-2571},
  keywords={Boats},
  doi={10.1109/ICCV.2011.6126544}}
@INPROCEEDINGS{ssd6d,
  author={Kehl, Wadim and Manhardt, Fabian and Tombari, Federico and Ilic, Slobodan and Navab, Nassir},
  booktitle={2017 IEEE International Conference on Computer Vision (ICCV)}, 
  title={SSD-6D: Making RGB-Based 3D Detection and 6D Pose Estimation Great Again}, 
  year={2017},
  volume={},
  number={},
  pages={1530-1538},
  keywords={Three-dimensional displays;Training;Two dimensional displays;Solid modeling;Pose estimation;Detectors;Feature extraction},
  doi={10.1109/ICCV.2017.169}}

@InProceedings{ssd,
  author    = {Liu, Wei and Anguelov, Dragomir and Erhan, Dumitru and Szegedy, Christian and Reed, Scott and Fu, Cheng-Yang and Berg, Alexander C.},
  editor    = {Leibe, Bastian and Matas, Jiri and Sebe, Nicu and Welling, Max},
  title     = {SSD: Single Shot MultiBox Detector},
  booktitle = {Computer Vision -- ECCV 2016},
  year      = {2016},
  publisher = {Springer International Publishing},
  address   = {Cham},
  pages     = {21-37},
  isbn      = {978-3-319-46448-0},
  doi       = {10.1007/978-3-319-46448-0_2}
}
@article{Deep-6DPose,
  author       = {Thanh{-}Toan Do and
                  Ming Cai and
                  Trung Pham and
                  Ian D. Reid},
  title        = {Deep-6DPose: Recovering 6D Object Pose from a Single {RGB} Image},
  journal      = {CoRR},
  volume       = {abs/1802.10367},
  year         = {2018},
  url          = {http://arxiv.org/abs/1802.10367},
}
@ARTICLE{FCN,
  author={Shelhamer, Evan and Long, Jonathan and Darrell, Trevor},
  journal={IEEE Transactions on Pattern Analysis and Machine Intelligence}, 
  title={Fully Convolutional Networks for Semantic Segmentation}, 
  year={2017},
  volume={39},
  number={4},
  pages={640-651},
  keywords={Semantics;Image segmentation;Training;Convolution;Computer architecture;Proposals;Fuses;Semantic Segmentation;Convolutional Networks;Deep Learning;Transfer Learning},
  doi={10.1109/TPAMI.2016.2572683}}
@INPROCEEDINGS{ycbv, 
    AUTHOR    = {Yu Xiang AND Tanner Schmidt AND Venkatraman Narayanan AND Dieter Fox}, 
    TITLE     = {PoseCNN: A Convolutional Neural Network for 6D Object Pose Estimation in Cluttered Scenes}, 
    BOOKTITLE = {Proceedings of Robotics: Science and Systems}, 
    YEAR      = {2018}, 
    ADDRESS   = {Pittsburgh, Pennsylvania}, 
    MONTH     = {6}, 
    DOI       = {10.15607/RSS.2018.XIV.019} 
} 
@article{RANSAC,
author = {Fischler, Martin A. and Bolles, Robert C.},
title = {Random sample consensus: a paradigm for model fitting with applications to image analysis and automated cartography},
year = {1981},
issue_date = {June 1981},
publisher = {Association for Computing Machinery},
address = {New York, NY, USA},
volume = {24},
number = {6},
issn = {0001-0782},
doi = {10.1145/358669.358692},
journal = {Commun. ACM},
month = jun,
pages = {381–395},
numpages = {15},
keywords = {automated cartography, camera calibration, image matching, location determination, model fitting, scene analysis}
}
@inproceedings{VGG,
  author       = {Karen Simonyan and
                  Andrew Zisserman},
  editor       = {Yoshua Bengio and
                  Yann LeCun},
  title        = {Very Deep Convolutional Networks for Large-Scale Image Recognition},
  booktitle    = {3rd International Conference on Learning Representations, {ICLR} 2015,
                  San Diego, CA, USA, May 7-9, 2015, Conference Track Proceedings},
  year         = {2015},
  url          = {http://arxiv.org/abs/1409.1556},
}
@INPROCEEDINGS{YOLO,
  author={Redmon, Joseph and Divvala, Santosh and Girshick, Ross and Farhadi, Ali},
  booktitle={2016 IEEE Conference on Computer Vision and Pattern Recognition (CVPR)}, 
  title={You Only Look Once: Unified, Real-Time Object Detection}, 
  year={2016},
  volume={},
  number={},
  pages={779-788},
  keywords={Computer architecture;Microprocessors;Object detection;Training;Real-time systems;Neural networks;Pipelines},
  doi={10.1109/CVPR.2016.91}}
@INPROCEEDINGS{rad2017bb8,
  author={Rad, Mahdi and Lepetit, Vincent},
  booktitle={2017 IEEE International Conference on Computer Vision (ICCV)}, 
  title={BB8: A Scalable, Accurate, Robust to Partial Occlusion Method for Predicting the 3D Poses of Challenging Objects without Using Depth}, 
  year={2017},
  volume={},
  number={},
  pages={3848-3856},
  keywords={Three-dimensional displays;Two dimensional displays;Image segmentation;Color;Robustness;Training;Rendering (computer graphics)},
  doi={10.1109/ICCV.2017.413}}
@INPROCEEDINGS{richter2021handling,
  author={Richter-Klug, Jesse and Frese, Udo},
  booktitle={2021 IEEE International Conference on Robotics and Automation (ICRA)}, 
  title={Handling Object Symmetries in CNN-based Pose Estimation}, 
  year={2021},
  volume={},
  number={},
  pages={13850-13856},
  keywords={Automation;Conferences;Pose estimation;Toy manufacturing industry;Convolutional neural networks;Optimization},
  doi={10.1109/ICRA48506.2021.9561237}}
@INPROCEEDINGS{fcos,
  author={Tian, Zhi and Shen, Chunhua and Chen, Hao and He, Tong},
  booktitle={2019 IEEE/CVF International Conference on Computer Vision (ICCV)}, 
  title={FCOS: Fully Convolutional One-Stage Object Detection}, 
  year={2019},
  volume={},
  number={},
  pages={9626-9635},
  keywords={Detectors;Training;Task analysis;Object detection;Semantics;Feature extraction;Head},
  doi={10.1109/ICCV.2019.00972}}
# YOLO6D
@INPROCEEDINGS{tekin2018real,
  author={Tekin, Bugra and Sinha, Sudipta N. and Fua, Pascal},
  booktitle={2018 IEEE/CVF Conference on Computer Vision and Pattern Recognition}, 
  title={Real-Time Seamless Single Shot 6D Object Pose Prediction}, 
  year={2018},
  volume={},
  number={},
  pages={292-301},
  keywords={Two dimensional displays;Three-dimensional displays;Pose estimation;Solid modeling;Task analysis;Computer architecture},
  doi={10.1109/CVPR.2018.00038}}
# 小块热图法
@InProceedings{oberweger2018making,
author="Oberweger, Markus
and Rad, Mahdi
and Lepetit, Vincent",
editor="Ferrari, Vittorio
and Hebert, Martial
and Sminchisescu, Cristian
and Weiss, Yair",
title="Making Deep Heatmaps Robust to Partial Occlusions for 3D Object Pose Estimation",
booktitle="Computer Vision -- ECCV 2018",
year="2018",
publisher="Springer International Publishing",
address="Cham",
pages="125--141",
isbn="978-3-030-01267-0",
roi="10.1007/978-3-030-01267-0_8"
}
@INPROCEEDINGS{guo2023knowledge,
  author={Guo, Shuxuan and Hu, Yinlin and Alvarez, Jose M. and Salzmann, Mathieu},
  booktitle={2023 IEEE/CVF Conference on Computer Vision and Pattern Recognition (CVPR)}, 
  title={Knowledge Distillation for 6D Pose Estimation by Aligning Distributions of Local Predictions}, 
  year={2023},
  volume={},
  number={},
  pages={18633-18642},
  keywords={Training;Knowledge engineering;Image segmentation;Computer vision;Pose estimation;Computer architecture;Binary codes;3D from single images},
  doi={10.1109/CVPR52729.2023.01787}}
@ARTICLE{Huang2021Confidence,
  author={Huang, Wei-Lun and Hung, Chun-Yi and Lin, I-Chen},
  journal={IEEE Transactions on Multimedia}, 
  title={Confidence-Based 6D Object Pose Estimation}, 
  year={2022},
  volume={24},
  number={},
  pages={3025-3035},
  keywords={Pose estimation;Three-dimensional displays;Feature extraction;Image segmentation;Detectors;Training;Real-time systems;6-D pose estimation;prediction confidence formulation;deep neural network},
  doi={10.1109/TMM.2021.3092149}}
@INPROCEEDINGS{liu2023linear,
  author={Liu, Fulin and Hu, Yinlin and Salzmann, Mathieu},
  booktitle={2023 IEEE/CVF International Conference on Computer Vision (ICCV)}, 
  title={Linear-Covariance Loss for End-to-End Learning of 6D Pose Estimation}, 
  year={2023},
  volume={},
  number={},
  pages={14061-14071},
  keywords={Heart;Computer vision;Three-dimensional displays;Pose estimation;Buildings;Benchmark testing;Standards},
  doi={10.1109/ICCV51070.2023.01297}}
# DOPE
@inproceedings{dope,
  author       = {Jonathan Tremblay and
                  Thang To and
                  Balakumar Sundaralingam and
                  Yu Xiang and
                  Dieter Fox and
                  Stan Birchfield},
  title        = {Deep Object Pose Estimation for Semantic Robotic Grasping of Household
                  Objects},
  booktitle    = {2nd Annual Conference on Robot Learning, CoRL 2018, Z{\"{u}}rich,
                  Switzerland, 29-31 October 2018, Proceedings},
  series       = {Proceedings of Machine Learning Research},
  volume       = {87},
  pages        = {306--316},
  publisher    = {{PMLR}},
  year         = {2018},
  url          = {http://proceedings.mlr.press/v87/tremblay18a.html},
}
@inproceedings{hosseini2019ipose,
  author    = {Hosseini Jafari, Omid and Mustikovela, Siva Karthik and Pertsch, Karl and Brachmann, Eric and Rother, Carsten},
  editor    = {Jawahar, C. V. and Li, Hongdong and Mori, Greg and Schindler, Konrad},
  title     = {iPose: Instance-Aware 6D Pose Estimation of Partly Occluded Objects},
  booktitle = {Computer Vision -- ACCV 2018},
  year      = {2019},
  publisher = {Springer International Publishing},
  address   = {Cham},
  pages     = {477--492},
  isbn      = {978-3-030-20893-6},
  doi       = {10.1007/978-3-030-20893-6_30}
}
@INPROCEEDINGS{zakharov2019dpod,
  author={Zakharov, Sergey and Shugurov, Ivan and Ilic, Slobodan},
  booktitle={2019 IEEE/CVF International Conference on Computer Vision (ICCV)}, 
  title={DPOD: 6D Pose Object Detector and Refiner}, 
  year={2019},
  volume={},
  number={},
  pages={1941-1950},
  keywords={Detectors;Training;Three-dimensional displays;Pose estimation;Machine learning;Solid modeling;Training data},
  doi={10.1109/ICCV.2019.00203}}
@ARTICLE{Shugurov2021DPODv2,
  author={Shugurov, Ivan and Zakharov, Sergey and Ilic, Slobodan},
  journal={IEEE Transactions on Pattern Analysis and Machine Intelligence}, 
  title={DPODv2: Dense Correspondence-Based 6 DoF Pose Estimation}, 
  year={2022},
  volume={44},
  number={11},
  pages={7417-7435},
  keywords={Pose estimation;Detectors;Deep learning;Three-dimensional displays;Cameras;Training data;Solid modeling;6 DoF pose estimation;dense correspondences;synthetic data},
  doi={10.1109/TPAMI.2021.3118833}}
@INPROCEEDINGS{castro2023crt,
  author={Castro, Pedro and Kim, Tae-Kyun},
  booktitle={2023 IEEE/CVF Winter Conference on Applications of Computer Vision (WACV)}, 
  title={CRT-6D: Fast 6D Object Pose Estimation with Cascaded Refinement Transformers}, 
  year={2023},
  volume={},
  number={},
  pages={5735-5744},
  keywords={Computer vision;Runtime;Source coding;Pose estimation;Refining;Pipelines;Transformers;Algorithms: Image recognition and understanding (object detection;categorization;segmentation);3D computer vision},
  doi={10.1109/WACV56688.2023.00570}}
@INPROCEEDINGS{li2019cdpn,
  author={Li, Zhigang and Wang, Gu and Ji, Xiangyang},
  booktitle={2019 IEEE/CVF International Conference on Computer Vision (ICCV)}, 
  title={CDPN: Coordinates-Based Disentangled Pose Network for Real-Time RGB-Based 6-DoF Object Pose Estimation}, 
  year={2019},
  pages={7677-7686},
  keywords={Pose estimation;Three-dimensional displays;Detectors;Robustness;Real-time systems;Two dimensional displays},
  doi={10.1109/ICCV.2019.00777}}
@InProceedings{sundermeyer2018implicit,
author="Sundermeyer, Martin
and Marton, Zoltan-Csaba
and Durner, Maximilian
and Brucker, Manuel
and Triebel, Rudolph",
editor="Ferrari, Vittorio
and Hebert, Martial
and Sminchisescu, Cristian
and Weiss, Yair",
title="Implicit 3D Orientation Learning for 6D Object Detection from RGB Images",
booktitle="Computer Vision -- ECCV 2018",
year="2018",
publisher="Springer International Publishing",
address="Cham",
pages="712--729",
abstract="We propose a real-time RGB-based pipeline for object detection and 6D pose estimation. Our novel 3D orientation estimation is based on a variant of the Denoising Autoencoder that is trained on simulated views of a 3D model using Domain Randomization.",
isbn="978-3-030-01231-1",
doi="10.1007/978-3-030-01231-1_43"
}
@InProceedings{li2018deepim,
author="Li, Yi
and Wang, Gu
and Ji, Xiangyang
and Xiang, Yu
and Fox, Dieter",
editor="Ferrari, Vittorio
and Hebert, Martial
and Sminchisescu, Cristian
and Weiss, Yair",
title="DeepIM: Deep Iterative Matching for 6D Pose Estimation",
booktitle="Computer Vision -- ECCV 2018",
year="2018",
publisher="Springer International Publishing",
address="Cham",
pages="695--711",
isbn="978-3-030-01231-1",
doi="10.1007/978-3-030-01231-1_42"
}
@InProceedings{labbe2020cosypose,
author="Labb{\'e}, Yann
and Carpentier, Justin
and Aubry, Mathieu
and Sivic, Josef",
editor="Vedaldi, Andrea
and Bischof, Horst
and Brox, Thomas
and Frahm, Jan-Michael",
title="CosyPose: Consistent Multi-view Multi-object 6D Pose Estimation",
booktitle="Computer Vision -- ECCV 2020",
year="2020",
publisher="Springer International Publishing",
address="Cham",
pages="574--591",
isbn="978-3-030-58520-4",
roi="10.1007/978-3-030-58520-4_34",
}
@inproceedings{hodan2018bop,
  author    = {Hoda{\v{n}}, Tom{\'a}{\v{s}} and Michel, Frank and Brachmann, Eric and Kehl, Wadim and Buch, Anders Glent and Kraft, Dirk and Drost, Bertram and Vidal, Joel and Ihrke, Stephan and Zabulis, Xenophon and Sahin, Caner and Manhardt, Fabian and Tombari, Federico and Kim, Tae-Kyun and Matas, Ji{\v{r}}{\'i} and Rother, Carsten},
  editor    = {Ferrari, Vittorio and Hebert, Martial and Sminchisescu, Cristian and Weiss, Yair},
  title     = {BOP: Benchmark for 6D Object Pose Estimation},
  booktitle = {Computer Vision -- ECCV 2018},
  year      = {2018},
  publisher = {Springer International Publishing},
  address   = {Cham},
  pages     = {19--35},
  isbn      = {978-3-030-01249-6},
  doi       = {10.1007/978-3-030-01249-6_2}
}
@InProceedings{manhardt2018deep,
author="Manhardt, Fabian
and Kehl, Wadim
and Navab, Nassir
and Tombari, Federico",
editor="Ferrari, Vittorio
and Hebert, Martial
and Sminchisescu, Cristian
and Weiss, Yair",
title="Deep Model-Based 6D Pose Refinement in RGB",
booktitle="Computer Vision -- ECCV 2018",
year="2018",
publisher="Springer International Publishing",
address="Cham",
pages="833--849",
isbn="978-3-030-01264-9",
doi="10.1007/978-3-030-01264-9_49"
}
@INPROCEEDINGS{hai2023shape,
  author={Hai, Yang and Song, Rui and Li, Jiaojiao and Hu, Yinlin},
  booktitle={2023 IEEE/CVF Conference on Computer Vision and Pattern Recognition (CVPR)}, 
  title={Shape-Constraint Recurrent Flow for 6D Object Pose Estimation}, 
  year={2023},
  volume={},
  number={},
  pages={4831-4840},
  keywords={Computer vision;Image motion analysis;Three-dimensional displays;Correlation;Shape;Pose estimation;Pattern recognition;3D from single images},
  doi={10.1109/CVPR52729.2023.00468}}
@INPROCEEDINGS{li2024mrcnet,
  author={Li, Yuelong and Mao, Yafei and Bala, Raja and Hadap, Sunil},
  booktitle={2024 IEEE/CVF Conference on Computer Vision and Pattern Recognition (CVPR)}, 
  title={MRC-Net: 6-DoF Pose Estimation with MultiScale Residual Correlation}, 
  year={2024},
  volume={},
  number={},
  pages={10476-10486},
  keywords={Solid modeling;Three-dimensional displays;Design automation;Correlation;Computational modeling;Pose estimation;Rendering (computer graphics);3D from single image;6D Object Pose Estimation;Geometric deep learning;Direct pose estimation},
  doi={10.1109/CVPR52733.2024.00997}}
@INPROCEEDINGS{dosovitskiy2015flownet,
  author={Dosovitskiy, Alexey and Fischer, Philipp and Ilg, Eddy and Häusser, Philip and Hazirbas, Caner and Golkov, Vladimir and Smagt, Patrick van der and Cremers, Daniel and Brox, Thomas},
  booktitle={2015 IEEE International Conference on Computer Vision (ICCV)}, 
  title={FlowNet: Learning Optical Flow with Convolutional Networks}, 
  year={2015},
  volume={},
  number={},
  pages={2758-2766},
  keywords={Optical imaging;Computer architecture;Image resolution;Correlation;Optical fiber networks;Neural networks;Optical computing},
  doi={10.1109/ICCV.2015.316}}
@InProceedings{koonce2021efficientnet,
  title = 	 {{E}fficient{N}et: Rethinking Model Scaling for Convolutional Neural Networks},
  author =       {Tan, Mingxing and Le, Quoc},
  booktitle = 	 {Proceedings of the 36th International Conference on Machine Learning},
  pages = 	 {6105--6114},
  year = 	 {2019},
  editor = 	 {Chaudhuri, Kamalika and Salakhutdinov, Ruslan},
  volume = 	 {97},
  series = 	 {Proceedings of Machine Learning Research},
  month = 	 {6},
  publisher =    {PMLR},
  url = 	 {https://proceedings.mlr.press/v97/tan19a.html},
}
@ARTICLE{liu2019regression,
  author={Liu, Yuanpeng and Zhou, Laishui and Zong, Hua and Gong, Xiaoxi and Wu, Qiaoyun and Liang, Qingxiao and Wang, Jun},
  journal={IEEE Transactions on Multimedia}, 
  title={Regression-Based Three-Dimensional Pose Estimation for Texture-Less Objects}, 
  year={2019},
  volume={21},
  number={11},
  pages={2776-2789},
  keywords={Three-dimensional displays;Pose estimation;Feature extraction;Training;Image edge detection;Correlation;Cost function;Texture-less objects;pose estimation;triplet network;deep learning;pose regression},
  doi={10.1109/TMM.2019.2913321}}
@InProceedings{lm,
author="Hinterstoisser, Stefan
and Lepetit, Vincent
and Ilic, Slobodan
and Holzer, Stefan
and Bradski, Gary
and Konolige, Kurt
and Navab, Nassir",
editor="Lee, Kyoung Mu
and Matsushita, Yasuyuki
and Rehg, James M.
and Hu, Zhanyi",
title="Model Based Training, Detection and Pose Estimation of Texture-Less 3D Objects in Heavily Cluttered Scenes",
booktitle="Computer Vision -- ACCV 2012",
year="2013",
publisher="Springer Berlin Heidelberg",
address="Berlin, Heidelberg",
pages="548--562",
isbn="978-3-642-37331-2",
doi="10.1007/978-3-642-37331-2_42"
}
@InProceedings{lmo,
author="Brachmann, Eric
and Krull, Alexander
and Michel, Frank
and Gumhold, Stefan
and Shotton, Jamie
and Rother, Carsten",
editor="Fleet, David
and Pajdla, Tomas
and Schiele, Bernt
and Tuytelaars, Tinne",
title="Learning 6D Object Pose Estimation Using 3D Object Coordinates",
booktitle="Computer Vision -- ECCV 2014",
year="2014",
publisher="Springer International Publishing",
address="Cham",
pages="536--551",
isbn="978-3-319-10605-2",
doi="10.1007/978-3-319-10605-2_35"
}
@INPROCEEDINGS{rambach2017poster,
  author={Rambach, Jason and Pagani, Alain and Stricker, Didier},
  booktitle={2017 IEEE International Symposium on Mixed and Augmented Reality (ISMAR-Adjunct)}, 
  title={[POSTER] Augmented Things: Enhancing AR Applications leveraging the Internet of Things and Universal 3D Object Tracking}, 
  year={2017},
  volume={},
  number={},
  pages={103-108},
  keywords={Three-dimensional displays;Solid modeling;Object tracking;Target tracking;Cameras;Feature extraction;Rendering (computer graphics)},
  doi={10.1109/ISMAR-Adjunct.2017.42}}
@inproceedings{do2019lienet,
title = "Real-time monocular object instance 6D pose estimation",
author = "Thanh-Toan Do and Trung Pham and Ming Cai and Ian Reid",
year = "2018",
booktitle = "29th British Machine Vision Conference, BMVC 2018",
publisher = "British Machine Vision Association",
note = "British Machine Vision Conference 2018, BMVC 2018 ; Conference date: 03-09-2018 Through 06-09-2018",
url = "https://research.monash.edu/files/330162131/330161975_oa.pdf",
}
@article{bukschat2020efficientpose,
  author       = {Yannick Bukschat and
                  Marcus Vetter},
  title        = {EfficientPose: An Efficient, Accurate and Scalable End-to-End 6D Multi
                  Object Pose Estimation Approach},
  journal      = {CoRR},
  volume       = {abs/2011.04307},
  year         = {2020},
  url          = {https://arxiv.org/abs/2011.04307},
}
@INPROCEEDINGS{wu2018real,
  author={Wu, Jimmy and Zhou, Bolei and Russell, Rebecca and Kee, Vincent and Wagner, Syler and Hebert, Mitchell and Torralba, Antonio and Johnson, David M.S.},
  booktitle={2018 IEEE/RSJ International Conference on Intelligent Robots and Systems (IROS)}, 
  title={Real-Time Object Pose Estimation with Pose Interpreter Networks}, 
  year={2018},
  volume={},
  number={},
  pages={6798-6805},
  keywords={Pose estimation;Image segmentation;Three-dimensional displays;Quaternions;Real-time systems;Training;Task analysis},
  doi={10.1109/IROS.2018.8593662}}
@INPROCEEDINGS{jiang2022uni6d,
  author={Jiang, Xiaoke and Li, Donghai and Chen, Hao and Zheng, Ye and Zhao, Rui and Wu, Liwei},
  booktitle={2022 IEEE/CVF Conference on Computer Vision and Pattern Recognition (CVPR)}, 
  title={Uni6D: A Unified CNN Framework without Projection Breakdown for 6D Pose Estimation}, 
  year={2022},
  volume={},
  number={},
  pages={11164-11174},
  keywords={Training;Solid modeling;Head;Three-dimensional displays;Electric breakdown;Pose estimation;Pipelines;RGBD sensors and analytics; Pose estimation and tracking; Robot vision},
  doi={10.1109/CVPR52688.2022.01089}}
@InProceedings{kehl2016deep,
author="Kehl, Wadim
and Milletari, Fausto
and Tombari, Federico
and Ilic, Slobodan
and Navab, Nassir",
editor="Leibe, Bastian
and Matas, Jiri
and Sebe, Nicu
and Welling, Max",
title="Deep Learning of Local RGB-D Patches for 3D Object Detection and 6D Pose Estimation",
booktitle="Computer Vision -- ECCV 2016",
year="2016",
publisher="Springer International Publishing",
address="Cham",
pages="205--220",
isbn="978-3-319-46487-9",
roi="10.1007/978-3-319-46487-9_13"
}
@INPROCEEDINGS{michel2017global,
  author={Michel, Frank and Kirillov, Alexander and Brachmann, Eric and Krull, Alexander and Gumhold, Stefan and Savchynskyy, Bogdan and Rother, Carsten},
  booktitle={2017 IEEE Conference on Computer Vision and Pattern Recognition (CVPR)}, 
  title={Global Hypothesis Generation for 6D Object Pose Estimation}, 
  year={2017},
  volume={},
  number={},
  pages={115-124},
  keywords={Three-dimensional displays;Pose estimation;Iterative closest point algorithm;Cameras;Robustness;Graphical models},
  doi={10.1109/CVPR.2017.20}}
@INPROCEEDINGS{park2019pix2pose,
  author={Park, Kiru and Patten, Timothy and Vincze, Markus},
  booktitle={2019 IEEE/CVF International Conference on Computer Vision (ICCV)}, 
  title={Pix2Pose: Pixel-Wise Coordinate Regression of Objects for 6D Pose Estimation}, 
  year={2019},
  volume={},
  number={},
  pages={7667-7676},
  keywords={Three-dimensional displays;Solid modeling;Training;Pose estimation;Robustness;Two dimensional displays},
  doi={10.1109/ICCV.2019.00776}}
@INPROCEEDINGS{hodan2020epos,
  author={Hodaň, Tomáš and Baráth, Dániel and Matas, Jiří},
  booktitle={2020 IEEE/CVF Conference on Computer Vision and Pattern Recognition (CVPR)}, 
  title={EPOS: Estimating 6D Pose of Objects With Symmetries}, 
  year={2020},
  volume={},
  number={},
  pages={11700-11709},
  keywords={Three-dimensional displays;Solid modeling;Two dimensional displays;Robustness;Pose estimation;Systematics;Shape},
  doi={10.1109/CVPR42600.2020.01172}}
@INPROCEEDINGS{2019segmentation,
  author={Hu, Yinlin and Hugonot, Joachim and Fua, Pascal and Salzmann, Mathieu},
  booktitle={2019 IEEE/CVF Conference on Computer Vision and Pattern Recognition (CVPR)}, 
  title={Segmentation-Driven 6D Object Pose Estimation}, 
  year={2019},
  volume={},
  number={},
  pages={3380-3389},
  keywords={3D from Single Image;Deep Learning ; Recognition: Detection;Categorization;Retrieval},
  doi={10.1109/CVPR.2019.00350}}
# TODO
@INPROCEEDINGS{hu2020single,
  author={Hu, Yinlin and Fua, Pascal and Wang, Wei and Salzmann, Mathieu},
  booktitle={2020 IEEE/CVF Conference on Computer Vision and Pattern Recognition (CVPR)}, 
  title={Single-Stage 6D Object Pose Estimation}, 
  year={2020},
  volume={},
  number={},
  pages={2927-2936},
  keywords={Three-dimensional displays;Two dimensional displays;Pose estimation;Feature extraction;Computer architecture;Cameras;Network architecture},
  doi={10.1109/CVPR42600.2020.00300}}
@INPROCEEDINGS{iwase2021repose,
  author={Iwase, Shun and Liu, Xingyu and Khirodkar, Rawal and Yokota, Rio and Kitani, Kris M.},
  booktitle={2021 IEEE/CVF International Conference on Computer Vision (ICCV)}, 
  title={RePOSE: Fast 6D Object Pose Refinement via Deep Texture Rendering}, 
  year={2021},
  volume={},
  number={},
  pages={3283-3292},
  keywords={Solid modeling;Runtime;Three-dimensional displays;Pose estimation;Image representation;Multilayer perceptrons;Rendering (computer graphics);Detection and localization in 2D and 3D;Representation learning},
  doi={10.1109/ICCV48922.2021.00329}}
@ARTICLE{Chen2022EPro_PnP,
  author={Chen, Hansheng and Tian, Wei and Wang, Pichao and Wang, Fan and Xiong, Lu and Li, Hao},
  journal={IEEE Transactions on Pattern Analysis and Machine Intelligence}, 
  title={EPro-PnP: Generalized End-to-End Probabilistic Perspective-N-Points for Monocular Object Pose Estimation}, 
  year={2024},
  volume={},
  number={},
  pages={1-12},
  keywords={Three-dimensional displays;Probabilistic logic;Pose estimation;Object detection;Solid modeling;Cameras;Benchmark testing;3D vision;autonomous vehicles;imaging geometry;pose estimation;probabilistic deep learning},
  doi={10.1109/TPAMI.2024.3354997}}
@article{wu2023geometric,
title = {Geometric-aware dense matching network for 6D pose estimation of objects from RGB-D images},
journal = {Pattern Recognition},
volume = {137},
pages = {109293},
year = {2023},
issn = {0031-3203},
doi = {10.1016/j.patcog.2022.109293},
author = {Chenrui Wu and Long Chen and Shenglong Wang and Han Yang and Junjie Jiang},
keywords = {6D pose estimation, Metric learning, Triplet loss, Dense correspondences, Geometric constraint},
}
@INPROCEEDINGS{cai2020reconstruct,
  author={Cai, Ming and Reid, Ian},
  booktitle={2020 IEEE/CVF Conference on Computer Vision and Pattern Recognition (CVPR)}, 
  title={Reconstruct Locally, Localize Globally: A Model Free Method for Object Pose Estimation}, 
  year={2020},
  volume={},
  number={},
  pages={3150-3160},
  keywords={Three-dimensional displays;Solid modeling;Head;Pose estimation;Two dimensional displays;Image reconstruction;Cameras},
  doi={10.1109/CVPR42600.2020.00322}}
@INPROCEEDINGS{wang2021gdr,
  author={Wang, Gu and Manhardt, Fabian and Tombari, Federico and Ji, Xiangyang},
  booktitle={2021 IEEE/CVF Conference on Computer Vision and Pattern Recognition (CVPR)}, 
  title={GDR-Net: Geometry-Guided Direct Regression Network for Monocular 6D Object Pose Estimation}, 
  year={2021},
  volume={},
  number={},
  pages={16606-16616},
  keywords={Learning systems;Convolutional codes;Computer vision;Pose estimation;Pipelines;Real-time systems;Pattern recognition},
  doi={10.1109/CVPR46437.2021.01634}}
  @ARTICLE{wang2021occlusion,
  author={Wang, Gu and Manhardt, Fabian and Liu, Xingyu and Ji, Xiangyang and Tombari, Federico},
  journal={IEEE Transactions on Pattern Analysis and Machine Intelligence}, 
  title={Occlusion-Aware Self-Supervised Monocular 6D Object Pose Estimation}, 
  year={2024},
  volume={46},
  number={3},
  pages={1788-1803},
  keywords={Pose estimation;Three-dimensional displays;Rendering (computer graphics);Training;Solid modeling;Annotations;Robustness;6D object pose estimation;self-supervised learning;differentiable rendering;domain adaptation},
  doi={10.1109/TPAMI.2021.3136301}}
@InProceedings{zhang2022trans6d,
author="Zhang, Zhongqun
and Chen, Wei
and Zheng, Linfang
and Leonardis, Ale{\v{s}}
and Chang, Hyung Jin",
editor="Karlinsky, Leonid
and Michaeli, Tomer
and Nishino, Ko",
title="Trans6D: Transformer-Based 6D Object Pose Estimation and Refinement",
booktitle="Computer Vision -- ECCV 2022 Workshops",
year="2023",
publisher="Springer Nature Switzerland",
address="Cham",
pages="112--128",
isbn="978-3-031-25085-9",
doi="10.1007/978-3-031-25085-9_7",
}
@ARTICLE{feng2023nvr,
  author={Feng, Guangkun and Xu, Ting-Bing and Liu, Fulin and Liu, Mingkun and Wei, Zhenzhong},
  journal={IEEE Transactions on Circuits and Systems for Video Technology}, 
  title={NVR-Net: Normal Vector Guided Regression Network for Disentangled 6D Pose Estimation}, 
  year={2024},
  volume={34},
  number={2},
  pages={1098-1113},
  keywords={Three-dimensional displays;Pose estimation;Estimation;Cameras;Solid modeling;Feature extraction;Object detection;Vectors;Disentangled representation learning;Object pose estimation;monocular vision;direct regression;disentanglement;3D normal vector},
  doi={10.1109/TCSVT.2023.3290617}}
@INPROCEEDINGS{su2022zebrapose,
  author={Su, Yongzhi and Saleh, Mahdi and Fetzer, Torben and Rambach, Jason and Navab, Nassir and Busam, Benjamin and Stricker, Didier and Tombari, Federico},
  booktitle={2022 IEEE/CVF Conference on Computer Vision and Pattern Recognition (CVPR)}, 
  title={ZebraPose: Coarse to Fine Surface Encoding for 6DoF Object Pose Estimation}, 
  year={2022},
  volume={},
  number={},
  pages={6728-6738},
  keywords={Training;Measurement;Codes;Three-dimensional displays;Pose estimation;Robot vision systems;Object segmentation;Pose estimation and tracking; Recognition: detection;categorization;retrieval; Robot vision},
  doi={10.1109/CVPR52688.2022.00662}}
# key
@article{rothganger20063d,
    author    = {Fred Rothganger and Svetlana Lazebnik and Cordelia Schmid and Jean Ponce},
    title     = {3D Object Modeling and Recognition Using Local Affine-Invariant Image Descriptors and Multi-View Spatial Constraints},
    journal   = {International Journal of Computer Vision},
    year      = {2006},
    volume    = {66},
    number    = {3},
    pages     = {231--259},
    doi       = {10.1007/s11263-005-3674-1},
    issn      = {1573-1405},
}
@INPROCEEDINGS{zhao2020learning,
  author={Zhao, Wanqing and Zhang, Shaobo and Guan, Ziyu and Zhao, Wei and Peng, Jinye and Fan, Jianping},
  booktitle={2020 IEEE/CVF Conference on Computer Vision and Pattern Recognition (CVPR)}, 
  title={Learning Deep Network for Detecting 3D Object Keypoints and 6D Poses}, 
  year={2020},
  volume={},
  number={},
  pages={14122-14130},
  keywords={Three-dimensional displays;Solid modeling;Feature extraction;Task analysis;Manuals;Labeling;Object detection},
  doi={10.1109/CVPR42600.2020.01414}}
@INPROCEEDINGS{liu2020keypose,
  author={Liu, Xingyu and Jonschkowski, Rico and Angelova, Anelia and Konolige, Kurt},
  booktitle={2020 IEEE/CVF Conference on Computer Vision and Pattern Recognition (CVPR)}, 
  title={KeyPose: Multi-View 3D Labeling and Keypoint Estimation for Transparent Objects}, 
  year={2020},
  volume={},
  number={},
  pages={11599-11607},
  keywords={Three-dimensional displays;Solid modeling;Cameras;Robot sensing systems;Data models;Labeling;Training},
  doi={10.1109/CVPR42600.2020.01162}}
### point net
@inproceedings{zaheer2017deep,
author = {Zaheer, Manzil and Kottur, Satwik and Ravanbhakhsh, Siamak and P\'{o}czos, Barnab\'{a}s and Salakhutdinov, Ruslan and Smola, Alexander J},
title = {Deep Sets},
year = {2017},
isbn = {9781510860964},
publisher = {Curran Associates Inc.},
address = {Red Hook, NY, USA},
booktitle = {Proceedings of the 31st International Conference on Neural Information Processing Systems},
pages = {3394–3404},
numpages = {11},
location = {Long Beach, California, USA},
series = {NIPS'17},
doi = {10.5555/3294996.3295098},
}
@INPROCEEDINGS{qi2017pointnet,
  author={Charles, R. Qi and Su, Hao and Kaichun, Mo and Guibas, Leonidas J.},
  booktitle={2017 IEEE Conference on Computer Vision and Pattern Recognition (CVPR)}, 
  title={PointNet: Deep Learning on Point Sets for 3D Classification and Segmentation}, 
  year={2017},
  volume={},
  number={},
  pages={77-85},
  keywords={Three-dimensional displays;Shape;Computer architecture;Feature extraction;Machine learning;Semantics},
  doi={10.1109/CVPR.2017.16}}
@inproceedings{qi2017pointnet++,
author = {Qi, Charles R. and Yi, Li and Su, Hao and Guibas, Leonidas J.},
title = {PointNet++: deep hierarchical feature learning on point sets in a metric space},
year = {2017},
isbn = {9781510860964},
publisher = {Curran Associates Inc.},
address = {Red Hook, NY, USA},
booktitle = {Proceedings of the 31st International Conference on Neural Information Processing Systems},
pages = {5105–5114},
numpages = {10},
location = {Long Beach, California, USA},
series = {NIPS'17},
doi = {10.5555/3295222.3295263},
}
@INPROCEEDINGS{zhou2018voxelnet,
  author={Zhou, Yin and Tuzel, Oncel},
  booktitle={2018 IEEE/CVF Conference on Computer Vision and Pattern Recognition}, 
  title={VoxelNet: End-to-End Learning for Point Cloud Based 3D Object Detection}, 
  year={2018},
  volume={},
  number={},
  pages={4490-4499},
  keywords={Three-dimensional displays;Laser radar;Feature extraction;Shape;Proposals;Encoding},
  doi={10.1109/CVPR.2018.00472}}
@INPROCEEDINGS{su2018splatnet,
  author={Su, Hang and Jampani, Varun and Sun, Deqing and Maji, Subhransu and Kalogerakis, Evangelos and Yang, Ming-Hsuan and Kautz, Jan},
  booktitle={2018 IEEE/CVF Conference on Computer Vision and Pattern Recognition}, 
  title={SPLATNet: Sparse Lattice Networks for Point Cloud Processing}, 
  year={2018},
  volume={},
  number={},
  pages={2530-2539},
  keywords={Three-dimensional displays;Lattices;Convolution;Two dimensional displays;Shape;Computer architecture;Standards},
  doi={10.1109/CVPR.2018.00268}}
@article{atzmon2018point,
author = {Atzmon, Matan and Maron, Haggai and Lipman, Yaron},
title = {Point convolutional neural networks by extension operators},
year = {2018},
issue_date = {August 2018},
publisher = {Association for Computing Machinery},
address = {New York, NY, USA},
volume = {37},
number = {4},
issn = {0730-0301},
doi = {10.1145/3197517.3201301},
journal = {ACM Trans. Graph.},
month = jul,
articleno = {71},
numpages = {12},
keywords = {shape segmentation, shape classification, shape analysis, normal estimation, geometric deep learning}
}
@inproceedings{li2018pointcnn,
author = {Li, Yangyan and Bu, Rui and Sun, Mingchao and Wu, Wei and Di, Xinhan and Chen, Baoquan},
title = {PointCNN: convolution on Χ-transformed points},
year = {2018},
publisher = {Curran Associates Inc.},
address = {Red Hook, NY, USA},
booktitle = {Proceedings of the 32nd International Conference on Neural Information Processing Systems},
pages = {828–838},
numpages = {11},
location = {Montr\'{e}al, Canada},
series = {NIPS'18},
doi = {10.5555/3326943.3327020}
}
@article{wang2019dynamic,
author = {Wang, Yue and Sun, Yongbin and Liu, Ziwei and Sarma, Sanjay E. and Bronstein, Michael M. and Solomon, Justin M.},
title = {Dynamic Graph CNN for Learning on Point Clouds},
year = {2019},
issue_date = {October 2019},
publisher = {Association for Computing Machinery},
address = {New York, NY, USA},
volume = {38},
number = {5},
issn = {0730-0301},
doi = {10.1145/3326362},
journal = {ACM Trans. Graph.},
month = oct,
articleno = {146},
numpages = {12},
keywords = {Point cloud, classification, segmentation}
}
@INPROCEEDINGS{qi2019deep,
  author={Qi, Charles R. and Litany, Or and He, Kaiming and Guibas, Leonidas},
  booktitle={2019 IEEE/CVF International Conference on Computer Vision (ICCV)}, 
  title={Deep Hough Voting for 3D Object Detection in Point Clouds}, 
  year={2019},
  volume={},
  number={},
  pages={9276-9285},
  keywords={Three-dimensional displays;Two dimensional displays;Object detection;Proposals;Detectors;Feature extraction;Pipelines},
  doi={10.1109/ICCV.2019.00937}}
@INPROCEEDINGS{hu2020randla,
  author={Hu, Qingyong and Yang, Bo and Xie, Linhai and Rosa, Stefano and Guo, Yulan and Wang, Zhihua and Trigoni, Niki and Markham, Andrew},
  booktitle={2020 IEEE/CVF Conference on Computer Vision and Pattern Recognition (CVPR)}, 
  title={RandLA-Net: Efficient Semantic Segmentation of Large-Scale Point Clouds}, 
  year={2020},
  volume={},
  number={},
  pages={11105-11114},
  keywords={Three-dimensional displays;Semantics;Feature extraction;Task analysis;Encoding;Computer architecture;Benchmark testing},
  doi={10.1109/CVPR42600.2020.01112}}
### point cloud
@INPROCEEDINGS{aoki2019pointnetlk,
  author={Aoki, Yasuhiro and Goforth, Hunter and Srivatsan, Rangaprasad Arun and Lucey, Simon},
  booktitle={2019 IEEE/CVF Conference on Computer Vision and Pattern Recognition (CVPR)}, 
  title={PointNetLK: Robust & Efficient Point Cloud Registration Using PointNet}, 
  year={2019},
  volume={},
  number={},
  pages={7156-7165},
  keywords={Point cloud compression;Deep learning;Training;Technological innovation;Shape;Imaging;Computer architecture;Deep Learning;3D from Multiview and Sensors;Motion and Tracking},
  doi={10.1109/CVPR.2019.00733}}
@INPROCEEDINGS{wang2019deep,
  author={Wang, Yue and Solomon, Justin},
  booktitle={2019 IEEE/CVF International Conference on Computer Vision (ICCV)}, 
  title={Deep Closest Point: Learning Representations for Point Cloud Registration}, 
  year={2019},
  volume={},
  number={},
  pages={3522-3531},
  keywords={Three-dimensional displays;Iterative closest point algorithm;Pipelines;Neural networks;Natural language processing;Optimization;Task analysis},
  doi={10.1109/ICCV.2019.00362}}
@inbook{wang2019prnet,
author = {Wang, Yue and Solomon, Justin},
title = {PRNet: Self-Supervised Learning for Partial-to-Partial Registration},
year = {2019},
publisher = {Curran Associates Inc.},
address = {Red Hook, NY, USA},
booktitle = {Proceedings of the 33rd International Conference on Neural Information Processing Systems},
articleno = {791},
numpages = {13},
doi = {10.5555/3454287.3455078}
}
@INPROCEEDINGS{yew2020rpm,
  author={Yew, Zi Jian and Lee, Gim Hee},
  booktitle={2020 IEEE/CVF Conference on Computer Vision and Pattern Recognition (CVPR)}, 
  title={RPM-Net: Robust Point Matching Using Learned Features}, 
  year={2020},
  volume={},
  number={},
  pages={11821-11830},
  keywords={Three-dimensional displays;Iterative closest point algorithm;Feature extraction;Robustness;Annealing;Noise measurement;Machine learning},
  doi={10.1109/CVPR42600.2020.01184}}
@InProceedings{yuan2020deepgmr,
author="Yuan, Wentao
and Eckart, Benjamin
and Kim, Kihwan
and Jampani, Varun
and Fox, Dieter
and Kautz, Jan",
editor="Vedaldi, Andrea
and Bischof, Horst
and Brox, Thomas
and Frahm, Jan-Michael",
title="DeepGMR: Learning Latent Gaussian Mixture Models for Registration",
booktitle="Computer Vision -- ECCV 2020",
year="2020",
publisher="Springer International Publishing",
address="Cham",
pages="733--750",
isbn="978-3-030-58558-7",
doi="10.1007/978-3-030-58558-7_43"
}
@InProceedings{dang2022learning,
author="Dang, Zheng
and Wang, Lizhou
and Guo, Yu
and Salzmann, Mathieu",
editor="Avidan, Shai
and Brostow, Gabriel
and Ciss{\'e}, Moustapha
and Farinella, Giovanni Maria
and Hassner, Tal",
title="Learning-Based Point Cloud Registration for 6D Object Pose Estimation in the Real World",
booktitle="Computer Vision -- ECCV 2022",
year="2022",
publisher="Springer Nature Switzerland",
address="Cham",
pages="19--37",
isbn="978-3-031-19769-7",
roi="10.1007/978-3-031-19769-7_2"
}
### RGB-D method
@INPROCEEDINGS{xu2018pointfusion,
  author={Xu, Danfei and Anguelov, Dragomir and Jain, Ashesh},
  booktitle={2018 IEEE/CVF Conference on Computer Vision and Pattern Recognition}, 
  title={PointFusion: Deep Sensor Fusion for 3D Bounding Box Estimation}, 
  year={2018},
  volume={},
  number={},
  pages={244-253},
  keywords={Three-dimensional displays;Solid modeling;Two dimensional displays;Robot sensing systems;Laser radar;Feature extraction;Object detection},
  doi={10.1109/CVPR.2018.00033}}
@INPROCEEDINGS{qi2018frustum,
  author={Qi, Charles R. and Liu, Wei and Wu, Chenxia and Su, Hao and Guibas, Leonidas J.},
  booktitle={2018 IEEE/CVF Conference on Computer Vision and Pattern Recognition}, 
  title={Frustum PointNets for 3D Object Detection from RGB-D Data}, 
  year={2018},
  volume={},
  number={},
  pages={918-927},
  keywords={Three-dimensional displays;Two dimensional displays;Object detection;Proposals;Image segmentation;Detectors},
  doi={10.1109/CVPR.2018.00102}}
@INPROCEEDINGS{wang2019densefusion,
  author={Wang, Chen and Xu, Danfei and Zhu, Yuke and Martín-Martín, Roberto and Lu, Cewu and Fei-Fei, Li and Savarese, Silvio},
  booktitle={2019 IEEE/CVF Conference on Computer Vision and Pattern Recognition (CVPR)}, 
  title={DenseFusion: 6D Object Pose Estimation by Iterative Dense Fusion}, 
  year={2019},
  volume={},
  number={},
  pages={3338-3347},
  keywords={3D from Multiview and Sensors;Deep Learning ; Recognition: Detection;Categorization;Retrieval; RGBD sensors and analytics; Robot},
  doi={10.1109/CVPR.2019.00346}}
@ARTICLE{zhou2020novel,
  author={Zhou, Guangliang and Yan, Yi and Wang, Deming and Chen, Qijun},
  journal={IEEE Transactions on Multimedia}, 
  title={A Novel Depth and Color Feature Fusion Framework for 6D Object Pose Estimation}, 
  year={2021},
  volume={23},
  number={},
  pages={1630-1639},
  keywords={Three-dimensional displays;Pose estimation;Image color analysis;Feature extraction;Color;Two dimensional displays;Deep learning;Object pose estimation;color and depth feature fusion;region-level feature},
  doi={10.1109/TMM.2020.3001533}}
@INPROCEEDINGS{wada2020morefusion,
  author={Wada, Kentaro and Sucar, Edgar and James, Stephen and Lenton, Daniel and Davison, Andrew J.},
  booktitle={2020 IEEE/CVF Conference on Computer Vision and Pattern Recognition (CVPR)}, 
  title={MoreFusion: Multi-object Reasoning for 6D Pose Estimation from Volumetric Fusion}, 
  year={2020},
  volume={},
  number={},
  pages={14528-14537},
  keywords={Feature extraction;Three-dimensional displays;Cameras;Two dimensional displays;Solid modeling;Robot vision systems;Pose estimation},
  doi={10.1109/CVPR42600.2020.01455}}
@INPROCEEDINGS{he2020pvn3d,
  author={He, Yisheng and Sun, Wei and Huang, Haibin and Liu, Jianran and Fan, Haoqiang and Sun, Jian},
  booktitle={2020 IEEE/CVF Conference on Computer Vision and Pattern Recognition (CVPR)}, 
  title={PVN3D: A Deep Point-Wise 3D Keypoints Voting Network for 6DoF Pose Estimation}, 
  year={2020},
  volume={},
  number={},
  pages={11629-11638},
  keywords={Three-dimensional displays;Two dimensional displays;Feature extraction;Semantics;Pose estimation;Task analysis;Clustering algorithms},
  doi={10.1109/CVPR42600.2020.01165}}
@INPROCEEDINGS{he2021ffb6d,
  author={He, Yisheng and Huang, Haibin and Fan, Haoqiang and Chen, Qifeng and Sun, Jian},
  booktitle={2021 IEEE/CVF Conference on Computer Vision and Pattern Recognition (CVPR)}, 
  title={FFB6D: A Full Flow Bidirectional Fusion Network for 6D Pose Estimation}, 
  year={2021},
  volume={},
  number={},
  pages={3002-3012},
  keywords={Geometry;Location awareness;Image segmentation;Three-dimensional displays;Pose estimation;Semantics;Object detection},
  doi={10.1109/CVPR46437.2021.00302}}
@INPROCEEDINGS{Liu2022ACF,
  author={Liu, Zhuang and Mao, Hanzi and Wu, Chao-Yuan and Feichtenhofer, Christoph and Darrell, Trevor and Xie, Saining},
  booktitle={2022 IEEE/CVF Conference on Computer Vision and Pattern Recognition (CVPR)}, 
  title={A ConvNet for the 2020s}, 
  year={2022},
  volume={},
  number={},
  pages={11966-11976},
  keywords={Computer vision;Image segmentation;Visualization;Computational modeling;Scalability;Semantics;Transformers;Deep learning architectures and techniques; Recognition: detection;categorization;retrieval; Representation learning},
  doi={10.1109/CVPR52688.2022.01167}}
@INPROCEEDINGS{he2016resnet,
  author={He, Kaiming and Zhang, Xiangyu and Ren, Shaoqing and Sun, Jian},
  booktitle={2016 IEEE Conference on Computer Vision and Pattern Recognition (CVPR)}, 
  title={Deep Residual Learning for Image Recognition}, 
  year={2016},
  volume={},
  number={},
  pages={770-778},
  keywords={Training;Degradation;Complexity theory;Image recognition;Neural networks;Visualization;Image segmentation},
  doi={10.1109/CVPR.2016.90}}
@inproceedings{Dosovitskiy2020AnII,
  title={An Image is Worth 16x16 Words: Transformers for Image Recognition at Scale},
  author={Alexey Dosovitskiy and Lucas Beyer and Alexander Kolesnikov and Dirk Weissenborn and Xiaohua Zhai and Thomas Unterthiner and Mostafa Dehghani and Matthias Minderer and Georg Heigold and Sylvain Gelly and Jakob Uszkoreit and Neil Houlsby},
  booktitle={International Conference on Learning Representations},
  year={2021},
  url={https://openreview.net/forum?id=YicbFdNTTy}
}
@article{Kingma2014AdamAM,
  title={Adam: A Method for Stochastic Optimization},
  author={Diederik P. Kingma and Jimmy Ba},
  journal={CoRR},
  year={2014},
  volume={abs/1412.6980},
  url={https://api.semanticscholar.org/CorpusID:6628106}
}
@INPROCEEDINGS{Brachmann2016UncertaintyDriven6P,
  author={Brachmann, Eric and Michel, Frank and Krull, Alexander and Yang, Michael Ying and Gumhold, Stefan and Rother, Carsten},
  booktitle={2016 IEEE Conference on Computer Vision and Pattern Recognition (CVPR)}, 
  title={Uncertainty-Driven 6D Pose Estimation of Objects and Scenes from a Single RGB Image}, 
  year={2016},
  volume={},
  number={},
  pages={3364-3372},
  keywords={Cameras;Pose estimation;Uncertainty;Pipelines;Three-dimensional displays;Augmented reality;Context},
  doi={10.1109/CVPR.2016.366}}
@INPROCEEDINGS{su2019deep,
  author={Su, Yongzhi and Rambach, Jason and Minaskan, Nareg and Lesur, Paul and Pagani, Alain and Stricker, Didier},
  booktitle={2019 IEEE International Symposium on Mixed and Augmented Reality Adjunct (ISMAR-Adjunct)}, 
  title={Deep Multi-state Object Pose Estimation for Augmented Reality Assembly}, 
  year={2019},
  volume={},
  number={},
  pages={222-227},
  keywords={Feature extraction;Pose estimation;Augmented reality;Task analysis;Neural networks;Maintenance engineering;Solid modeling;Neural Networks;Computer Vision;Mixed/ Augmented Reality},
  doi={10.1109/ISMAR-Adjunct.2019.00-42}}
@INPROCEEDINGS{zhai2023monograspnet,
  author={Zhai, Guangyao and Huang, Dianye and Wu, Shun-Cheng and Jung, HyunJun and Di, Yan and Manhardt, Fabian and Tombari, Federico and Navab, Nassir and Busam, Benjamin},
  booktitle={2023 IEEE International Conference on Robotics and Automation (ICRA)}, 
  title={MonoGraspNet: 6-DoF Grasping with a Single RGB Image}, 
  year={2023},
  volume={},
  number={},
  pages={1708-1714},
  keywords={Three-dimensional displays;Automation;Absorption;Pipelines;Grasping;Robot sensing systems;6-DOF},
  doi={10.1109/ICRA48891.2023.10160779}}
@INPROCEEDINGS{manhardt2019roi,
  author={Manhardt, Fabian and Kehl, Wadim and Gaidon, Adrien},
  booktitle={2019 IEEE/CVF Conference on Computer Vision and Pattern Recognition (CVPR)}, 
  title={ROI-10D: Monocular Lifting of 2D Detection to 6D Pose and Metric Shape}, 
  year={2019},
  volume={},
  number={},
  pages={2064-2073},
  keywords={Robotics + Driving;3D from Single Image; Deep Learning},
  doi={10.1109/CVPR.2019.00217}}
@ARTICLE{su2023opa,
  author={Su, Yongzhi and Di, Yan and Zhai, Guangyao and Manhardt, Fabian and Rambach, Jason and Busam, Benjamin and Stricker, Didier and Tombari, Federico},
  journal={IEEE Robotics and Automation Letters}, 
  title={OPA-3D: Occlusion-Aware Pixel-Wise Aggregation for Monocular 3D Object Detection}, 
  year={2023},
  volume={8},
  number={3},
  pages={1327-1334},
  keywords={Three-dimensional displays;Geometry;Streaming media;Feature extraction;Shape;Head;Estimation;Computer vision for transportation;deep learning for visual perception;object detection},
  doi={10.1109/LRA.2023.3238137}}
@INPROCEEDINGS{lowe1999object,
  author={Lowe, D.G.},
  booktitle={Proceedings of the Seventh IEEE International Conference on Computer Vision}, 
  title={Object recognition from local scale-invariant features}, 
  year={1999},
  volume={2},
  number={},
  pages={1150-1157 vol.2},
  keywords={Object recognition;Electrical capacitance tomography;Image recognition;Lighting;Neurons;Computer science;Reactive power;Filters;Programmable logic arrays;Layout},
  doi={10.1109/ICCV.1999.790410}}
@article{lin2023transpose,
title = {TransPose: 6D object pose estimation with geometry-aware Transformer},
journal = {Neurocomputing},
volume = {589},
pages = {127652},
year = {2024},
issn = {0925-2312},
doi = {10.1016/j.neucom.2024.127652},
author = {Xiao Lin and Deming Wang and Guangliang Zhou and Chengju Liu and Qijun Chen},
keywords = {Transformer, Graph convolution, Object pose estimation, Point cloud},
}
@InProceedings{hodavn2020bop,
author="Hoda{\v{n}}, Tom{\'a}{\v{s}}
and Sundermeyer, Martin
and Drost, Bertram
and Labb{\'e}, Yann
and Brachmann, Eric
and Michel, Frank
and Rother, Carsten
and Matas, Ji{\v{r}}{\'i}",
editor="Bartoli, Adrien
and Fusiello, Andrea",
title="BOP Challenge 2020 on 6D Object Localization",
booktitle="Computer Vision -- ECCV 2020 Workshops",
year="2020",
publisher="Springer International Publishing",
address="Cham",
pages="577--594",
isbn="978-3-030-66096-3",
roi="10.1007/978-3-030-66096-3_39"
}
@InProceedings{konig2020hybrid,
author="K{\"o}nig, Rebecca
and Drost, Bertram",
editor="Bartoli, Adrien
and Fusiello, Andrea",
title="A Hybrid Approach for 6DoF Pose Estimation",
booktitle="Computer Vision -- ECCV 2020 Workshops",
year="2020",
publisher="Springer International Publishing",
address="Cham",
pages="700--706",
isbn="978-3-030-66096-3",
doi="10.1007/978-3-030-66096-3_46"
}
@INPROCEEDINGS{li2023depth,
  author={Li, Zhujun and Stamos, Ioannis},
  booktitle={2023 IEEE/RSJ International Conference on Intelligent Robots and Systems (IROS)}, 
  title={Depth-Based 6DoF Object Pose Estimation Using Swin Transformer}, 
  year={2023},
  volume={},
  number={},
  pages={1185-1191},
  keywords={Point cloud compression;Location awareness;Three-dimensional displays;Semantic segmentation;Robot kinematics;Pose estimation;Semantics},
  doi={10.1109/IROS55552.2023.10342215}}
@InProceedings{wu2022vote,
author="Wu, Yangzheng
and Zand, Mohsen
and Etemad, Ali
and Greenspan, Michael",
editor="Avidan, Shai
and Brostow, Gabriel
and Ciss{\'e}, Moustapha
and Farinella, Giovanni Maria
and Hassner, Tal",
title="Vote from the Center: 6 DoF Pose Estimation in RGB-D Images by Radial Keypoint Voting",
booktitle="Computer Vision -- ECCV 2022",
year="2022",
publisher="Springer Nature Switzerland",
address="Cham",
pages="335--352",
isbn="978-3-031-20080-9",
roi="10.1007/978-3-031-20080-9_20"
}
@INPROCEEDINGS{chen2020g2l,
  author={Chen, Wei and Jia, Xi and Chang, Hyung Jin and Duan, Jinming and Leonardis, Aleš},
  booktitle={2020 IEEE/CVF Conference on Computer Vision and Pattern Recognition (CVPR)}, 
  title={G2L-Net: Global to Local Network for Real-Time 6D Pose Estimation With Embedding Vector Features}, 
  year={2020},
  volume={},
  number={},
  pages={4232-4241},
  keywords={Three-dimensional displays;Pose estimation;Feature extraction;Real-time systems;Two dimensional displays;Machine learning;Task analysis},
  doi={10.1109/CVPR42600.2020.00429}}
@INPROCEEDINGS{gao2021cloudaae,
  author={Gao, Ge and Lauri, Mikko and Hu, Xiaolin and Zhang, Jianwei and Frintrop, Simone},
  booktitle={2021 IEEE International Conference on Robotics and Automation (ICRA)}, 
  title={CloudAAE: Learning 6D Object Pose Regression with On-line Data Synthesis on Point Clouds}, 
  year={2021},
  volume={},
  number={},
  pages={11081-11087},
  keywords={Training;Solid modeling;Image segmentation;Three-dimensional displays;Pipelines;Pose estimation;Manuals},
  doi={10.1109/ICRA48506.2021.9561475}}
@INPROCEEDINGS{cai2022ove6d,
  author={Cai, Dingding and Heikkiä, Janne and Rahtu, Esa},
  booktitle={2022 IEEE/CVF Conference on Computer Vision and Pattern Recognition (CVPR)}, 
  title={OVE6D: Object Viewpoint Encoding for Depth-based 6D Object Pose Estimation}, 
  year={2022},
  volume={},
  number={},
  pages={6793-6803},
  keywords={Training;Computer vision;Pose estimation;Training data;Optical imaging;Cameras;Encoding;Pose estimation and tracking; Recognition: detection;categorization;retrieval; RGBD sensors and analytics},
  doi={10.1109/CVPR52688.2022.00668}}
@INPROCEEDINGS{liu2021kdfnet,
  author={Liu, Xingyu and Iwase, Shun and Kitani, Kris M.},
  booktitle={2021 IEEE/RSJ International Conference on Intelligent Robots and Systems (IROS)}, 
  title={KDFNet: Learning Keypoint Distance Field for 6D Object Pose Estimation}, 
  year={2021},
  volume={},
  number={},
  pages={4631-4638},
  keywords={Measurement;Three-dimensional displays;Pose estimation;Object detection;Euclidean distance;Encoding;Convolutional neural networks},
  doi={10.1109/IROS51168.2021.9636489}}
@INPROCEEDINGS{Liu2019cutout,
  author={Liu, Xin and Zhang, Jichao and He, Xian and Song, Xiuqiang and Qin, Xueying},
  booktitle={2019 IEEE International Symposium on Mixed and Augmented Reality Adjunct (ISMAR-Adjunct)}, 
  title={6DoF Pose Estimation with Object Cutout based on a Deep Autoencoder}, 
  year={2019},
  volume={},
  number={},
  pages={360-365},
  keywords={Three-dimensional displays;Pose estimation;Image reconstruction;Solid modeling;Two dimensional displays;Task analysis;Tracking},
  doi={10.1109/ISMAR-Adjunct.2019.00-11}}

@INPROCEEDINGS{cao2022dgecn,
  author={Cao, Tuo and Luo, Fei and Fu, Yanping and Zhang, Wenxiao and Zheng, Shengjie and Xiao, Chunxia},
  booktitle={2022 IEEE/CVF Conference on Computer Vision and Pattern Recognition (CVPR)}, 
  title={DGECN: A Depth-Guided Edge Convolutional Network for End-to-End 6D Pose Estimation}, 
  year={2022},
  volume={},
  number={},
  pages={3773-3782},
  keywords={Computer vision;Uncertainty;Three-dimensional displays;Network topology;Pose estimation;Pipelines;Robustness;3D from single images; Robot vision},
  doi={10.1109/CVPR52688.2022.00376}}

@ARTICLE{liu2023bdr6d,
  author={Liu, Penglei and Zhang, Qieshi and Cheng, Jun},
  journal={IEEE Transactions on Automation Science and Engineering}, 
  title={BDR6D: Bidirectional Deep Residual Fusion Network for 6D Pose Estimation}, 
  year={2024},
  volume={21},
  number={2},
  pages={1793-1804},
  keywords={Feature extraction;Pose estimation;Robots;Point cloud compression;Image color analysis;Three-dimensional displays;Cameras;6D pose estimation;a single RGB image;robot;depth prediction;depth residual fusion;keypoint},
  doi={10.1109/TASE.2023.3248843}}

@INPROCEEDINGS{xu20246ddiff,
  author={Xu, Li and Qu, Haoxuan and Cai, Yujun and Liu, Jun},
  booktitle={2024 IEEE/CVF Conference on Computer Vision and Pattern Recognition (CVPR)}, 
  title={6D-Diff: A Keypoint Diffusion Framework for 6D Object Pose Estimation}, 
  year={2024},
  volume={},
  number={},
  pages={9676-9686},
  keywords={Computer vision;Accuracy;Pose estimation;Noise reduction;Noise;Diffusion processes;Diffusion models},
  doi={10.1109/CVPR52733.2024.00924}}

@InProceedings{Levenberg_Marquardt,
author="Mor{\'e}, Jorge J.",
editor="Watson, G. A.",
title="The Levenberg-Marquardt algorithm: Implementation and theory",
booktitle="Numerical Analysis",
year="1978",
publisher="Springer Berlin Heidelberg",
address="Berlin, Heidelberg",
pages="105--116",
isbn="978-3-540-35972-2",
doi="10.1007/BFb0067700",
}

@ARTICLE{Xu2024RNNPose,
  author={Xu, Yan and Lin, Kwan-Yee and Zhang, Guofeng and Wang, Xiaogang and Li, Hongsheng},
  journal={IEEE Transactions on Pattern Analysis and Machine Intelligence}, 
  title={RNNPose: 6-DoF Object Pose Estimation via Recurrent Correspondence Field Estimation and Pose Optimization}, 
  year={2024},
  volume={46},
  number={7},
  pages={4669-4683},
  keywords={Optimization;Pose estimation;Solid modeling;Three-dimensional displays;6-DOF;Robustness;Lighting;Object pose estimation;recurrent neural network;uncertainty in optimization},
  doi={10.1109/TPAMI.2024.3360181}}

@INPROCEEDINGS{maskrcnn,
  author={He, Kaiming and Gkioxari, Georgia and Dollár, Piotr and Girshick, Ross},
  booktitle={2017 IEEE International Conference on Computer Vision (ICCV)}, 
  title={Mask R-CNN}, 
  year={2017},
  volume={},
  number={},
  pages={2980-2988},
  keywords={Feature extraction;Image segmentation;Object detection;Semantics;Quantization (signal);Robustness},
  doi={10.1109/ICCV.2017.322}}

@article{mei2022spatial,
title = {Spatial feature mapping for 6DoF object pose estimation},
journal = {Pattern Recognition},
volume = {131},
pages = {108835},
year = {2022},
issn = {0031-3203},
doi = {10.1016/j.patcog.2022.108835},
author = {Jianhan Mei and Xudong Jiang and Henghui Ding},
keywords = {6D Pose estimation, Rotation symmetry, Spherical convolution, Graph convolutional network},
}

@article{wang2023kvnet,
title = {KVNet: An iterative 3D keypoints voting network for real-time 6-DoF object pose estimation},
journal = {Neurocomputing},
volume = {530},
pages = {11-22},
year = {2023},
issn = {0925-2312},
doi = {10.1016/j.neucom.2023.01.036},
author = {Fei Wang and Xing Zhang and Tianyue Chen and Ze Shen and Shangdong Liu and Zhenquan He},
keywords = {6D pose estimation, Deep learning, Keypoints voting, Uncertainty, Point cloud analysis},
}

@article{yu20206dof,
  title={6DoF Object Pose Estimation via Differentiable Proxy Voting Loss},
  author={Xin Yu and Zheyu Zhuang and Piotr Koniusz and Hongdong Li},
  journal={ArXiv},
  year={2020},
  volume={abs/2002.03923},
  doi={10.48550/arXiv.2002.03923},
}

@inproceedings{lin2022learning,
  title     = {Learning to Estimate Object Poses without Real Image Annotations},
  author    = {Lin, Haotong and Peng, Sida and Zhou, Zhize and Zhou, Xiaowei},
  booktitle = {Proceedings of the Thirty-First International Joint Conference on
               Artificial Intelligence, {IJCAI-22}},
  publisher = {International Joint Conferences on Artificial Intelligence Organization},
  editor    = {Lud De Raedt},
  pages     = {1159--1165},
  year      = {2022},
  month     = {7},
  note      = {Main Track},
  doi       = {10.24963/ijcai.2022/162},
}

@INPROCEEDINGS{tian2020robust,
  author={Tian, Meng and Pan, Liang and Ang, Marcelo H and Hee Lee, Gim},
  booktitle={2020 IEEE International Conference on Robotics and Automation (ICRA)}, 
  title={Robust 6D Object Pose Estimation by Learning RGB-D Features}, 
  year={2020},
  volume={},
  number={},
  pages={6218-6224},
  keywords={Feature extraction;Pose estimation;Three-dimensional displays;Robustness;Uncertainty;Image segmentation;Robots},
  doi={10.1109/ICRA40945.2020.9197555}}

@INPROCEEDINGS{zeng2021parametricnet,
  author={Zeng, Long and Lv, Wei Jie and Zhang, Xin Yu and Liu, Yong Jin},
  booktitle={2021 IEEE International Conference on Robotics and Automation (ICRA)}, 
  title={ParametricNet: 6DoF Pose Estimation Network for Parametric Shapes in Stacked Scenarios}, 
  year={2021},
  volume={},
  number={},
  pages={772-778},
  keywords={Codes;Automation;Shape;Design methodology;Conferences;Pose estimation;Fitting},
  doi={10.1109/ICRA48506.2021.9561181}}

@INPROCEEDINGS{zhou2023deep,
  author={Zhou, Jun and Chen, Kai and Xu, Linlin and Dou, Qi and Qin, Jing},
  booktitle={2023 IEEE/CVF International Conference on Computer Vision (ICCV)}, 
  title={Deep Fusion Transformer Network with Weighted Vector-Wise Keypoints Voting for Robust 6D Object Pose Estimation}, 
  year={2023},
  volume={},
  number={},
  pages={13921-13931},
  keywords={Location awareness;Three-dimensional displays;Pose estimation;Semantics;Benchmark testing;Transformers;Inference algorithms},
  doi={10.1109/ICCV51070.2023.01284}}
@INPROCEEDINGS{Zhang2020preprocessing,
  author={Zhang, Yan and Zhang, Chen and Rosenberger, Maik and Notni, Gunther},
  booktitle={2020 IEEE International Instrumentation and Measurement Technology Conference (I2MTC)}, 
  title={6D Object Pose Estimation Algorithm Using Preprocessing of Segmentation and Keypoint Extraction}, 
  year={2020},
  volume={},
  number={},
  pages={1-6},
  keywords={Point cloud compression;Three-dimensional displays;Pose estimation;Detectors;Object detection;Sensor phenomena and characterization;Feature extraction;6D pose estimation;segmentation;keypoint extraction;YOLO;PointNet;deep learning},
  doi={10.1109/I2MTC43012.2020.9128980}}
@INPROCEEDINGS{Li2020Pose,
  author={Li, Zhigang and Ji, Xiangyang},
  booktitle={2020 IEEE International Conference on Robotics and Automation (ICRA)}, 
  title={Pose-guided Auto-Encoder and Feature-Based Refinement for 6-DoF Object Pose Regression}, 
  year={2020},
  volume={},
  number={},
  pages={8397-8403},
  keywords={Feature extraction;Pose estimation;Three-dimensional displays;Training;Rendering (computer graphics);Image reconstruction;Decoding},
  doi={10.1109/ICRA40945.2020.9196953}}

@INPROCEEDINGS{Stev2020Spatial,
  author={Stevšič, Stefan and Hilliges, Otmar},
  booktitle={2020 International Conference on 3D Vision (3DV)}, 
  title={Spatial Attention Improves Iterative 6D Object Pose Estimation}, 
  year={2020},
  volume={},
  number={},
  pages={1070-1078},
  keywords={Pose estimation;Task analysis;Computational modeling;Neural networks;Feature extraction;Three-dimensional displays;Deep learning;Deep Learning;6D Pose Estimation},
  doi={10.1109/3DV50981.2020.00117}}

@ARTICLE{Deng2021PoseRBPF,
  author={Deng, Xinke and Mousavian, Arsalan and Xiang, Yu and Xia, Fei and Bretl, Timothy and Fox, Dieter},
  journal={IEEE Transactions on Robotics}, 
  title={PoseRBPF: A Rao–Blackwellized Particle Filter for 6-D Object Pose Tracking}, 
  year={2021},
  volume={37},
  number={5},
  pages={1328-1342},
  keywords={Pose estimation;Tracking;Uncertainty;Solid modeling;Training;Task analysis;Target tracking;Computer vision;state estimation;6-D object pose tracking},
  doi={10.1109/TRO.2021.3056043}}

@Inbook{Murphy2001,
author="Murphy, Kevin
and Russell, Stuart",
editor="Doucet, Arnaud
and de Freitas, Nando
and Gordon, Neil",
title="Rao-Blackwellised Particle Filtering for Dynamic Bayesian Networks",
bookTitle="Sequential Monte Carlo Methods in Practice",
year="2001",
publisher="Springer New York",
address="New York, NY",
pages="499--515",
isbn="978-1-4757-3437-9",
doi="10.1007/978-1-4757-3437-9_24"
}
@INPROCEEDINGS{Sundermeyer2023BOPC2,
  author={Sundermeyer, Martin and Hodaň, Tomáš and Labbé, Yann and Wang, Gu and Brachmann, Eric and Drost, Bertram and Rother, Carsten and Matas, Jiří},
  booktitle={2023 IEEE/CVF Conference on Computer Vision and Pattern Recognition Workshops (CVPRW)}, 
  title={BOP Challenge 2022 on Detection, Segmentation and Pose Estimation of Specific Rigid Objects}, 
  year={2023},
  volume={},
  number={},
  pages={2785-2794},
  keywords={Training;Deep learning;Image segmentation;Computer vision;Conferences;Pose estimation;Pipelines},
  doi={10.1109/CVPRW59228.2023.00279}}
@ARTICLE{liu2023depth,
  author={Liu, Xuebing and Yuan, Xiaofang and Zhu, Qing and Wang, Yaonan and Feng, Mingtao and Zhou, Jiaming and Zhou, Zhen},
  journal={IEEE Transactions on Industrial Informatics}, 
  title={A Depth Adaptive Feature Extraction and Dense Prediction Network for 6-D Pose Estimation in Robotic Grasping}, 
  year={2024},
  volume={20},
  number={2},
  pages={2727-2737},
  keywords={Feature extraction;Pose estimation;Adaptive systems;Convolutional neural networks;Color;Point cloud compression;Task analysis;6-D pose estimation;depth adaptive convolution;multimodal feature extraction;robotic grasping},
  doi={10.1109/TII.2023.3297653}}
@INPROCEEDINGS{mo2022es6d,
  author={Mo, Ningkai and Gan, Wanshui and Yokoya, Naoto and Chen, Shifeng},
  booktitle={2022 IEEE/CVF Conference on Computer Vision and Pattern Recognition (CVPR)}, 
  title={ES6D: A Computation Efficient and Symmetry-Aware 6D Pose Regression Framework}, 
  year={2022},
  volume={},
  number={},
  pages={6708-6717},
  keywords={Convolutional codes;Measurement;Computer vision;Pose estimation;Robot vision systems;Data visualization;Computer architecture;Pose estimation and tracking; Robot vision},
  doi={10.1109/CVPR52688.2022.00660}}
@INPROCEEDINGS{cai2022sc6d,
  author={Cai, Dingding and Heikkilä, Janne and Rahtu, Esa},
  booktitle={2022 International Conference on 3D Vision (3DV)}, 
  title={SC6D: Symmetry-agnostic and Correspondence-free 6D Object Pose Estimation}, 
  year={2022},
  volume={},
  number={},
  pages={536-546},
  keywords={Training;Solid modeling;Three-dimensional displays;Computational modeling;Pose estimation;Crops;Benchmark testing;6D object pose;symmetry agnostic;correspondence free},
  doi={10.1109/3DV57658.2022.00065}}
@INPROCEEDINGS{mu2021temporalfusion,
  author={Mu, Fengjun and Huang, Rui and Luo, Ao and Li, Xin and Qiu, Jing and Cheng, Hong},
  booktitle={2021 IEEE/RSJ International Conference on Intelligent Robots and Systems (IROS)}, 
  title={TemporalFusion: Temporal Motion Reasoning with Multi-Frame Fusion for 6D Object Pose Estimation}, 
  year={2021},
  volume={},
  number={},
  pages={5930-5936},
  keywords={Training;Limiting;Fuses;Pose estimation;Grasping;Feature extraction;Cognition},
  doi={10.1109/IROS51168.2021.9636583}}
@INPROCEEDINGS{Zhou2021PRGCNAD,
  author={Zhou, Guangyuan and Wang, Huiqun and Chen, Jiaxin and Huang, Di},
  booktitle={2021 IEEE/CVF International Conference on Computer Vision (ICCV)}, 
  title={PR-GCN: A Deep Graph Convolutional Network with Point Refinement for 6D Pose Estimation}, 
  year={2021},
  volume={},
  number={},
  pages={2773-2782},
  keywords={Point cloud compression;Deep learning;Computer vision;Correlation;Three-dimensional displays;Convolution;Pose estimation;Detection and localization in 2D and 3D;Vision for robotics and autonomous vehicles},
  doi={10.1109/ICCV48922.2021.00279}}

@INPROCEEDINGS{rambach2018learning,
  author={Rambach, Jason and Deng, Chengbiao and Pagani, Alain and Stricker, Didier},
  booktitle={2018 IEEE International Symposium on Mixed and Augmented Reality Adjunct (ISMAR-Adjunct)}, 
  title={Learning 6DoF Object Poses from Synthetic Single Channel Images}, 
  year={2018},
  volume={},
  number={},
  pages={164-169},
  keywords={Training;Pose estimation;Solid modeling;Three-dimensional displays;Neural networks;Cameras;Lighting;Computing methodologies—Artificial intelligence—Computer vision—Computer vision tasks;Computing methodologies—Machine learning—Machine learning approaches—Neural networks},
  doi={10.1109/ISMAR-Adjunct.2018.00058}}
@Article{su2021synpo,
AUTHOR = {Su, Yongzhi and Rambach, Jason and Pagani, Alain and Stricker, Didier},
TITLE = {SynPo-Net—Accurate and Fast CNN-Based 6DoF Object Pose Estimation Using Synthetic Training},
JOURNAL = {Sensors},
VOLUME = {21},
YEAR = {2021},
NUMBER = {1},
ARTICLE-NUMBER = {300},
URL = {https://www.mdpi.com/1424-8220/21/1/300},
PubMedID = {33466293},
ISSN = {1424-8220},
DOI = {10.3390/s21010300}
}
@INPROCEEDINGS{Wu2022KeypointCV,
  author={Wu, Yangzheng and Javaheri, Alireza and Zand, Mohsen and Greenspan, Michael},
  booktitle={2022 International Conference on 3D Vision (3DV)}, 
  title={Keypoint Cascade Voting for Point Cloud Based 6DoF Pose Estimation}, 
  year={2022},
  volume={},
  number={},
  pages={176-186},
  keywords={Point cloud compression;Measurement;Training;Geometry;Three-dimensional displays;Semantic segmentation;Pose estimation},
  doi={10.1109/3DV57658.2022.00030}}
@INPROCEEDINGS{Nguyen2022TemplatesF3,
  author={Nguyen, Van Nguyen and Hu, Yinlin and Xiao, Yang and Salzmann, Mathieu and Lepetit, Vincent},
  booktitle={2022 IEEE/CVF Conference on Computer Vision and Pattern Recognition (CVPR)}, 
  title={Templates for 3D Object Pose Estimation Revisited: Generalization to New Objects and Robustness to Occlusions}, 
  year={2022},
  volume={},
  number={},
  pages={6761-6770},
  keywords={Training;Solid modeling;Computer vision;Three-dimensional displays;Image recognition;Impedance matching;Pose estimation;Pose estimation and tracking; Robot vision},
  doi={10.1109/CVPR52688.2022.00665}}
@INPROCEEDINGS{Hai2023RigidityAwareDF,
  author={Hai, Yang and Song, Rui and Li, Jiaojiao and Salzmann, Mathieu and Hu, Yinlin},
  booktitle={2023 IEEE/CVF Conference on Computer Vision and Pattern Recognition (CVPR)}, 
  title={Rigidity-Aware Detection for 6D Object Pose Estimation}, 
  year={2023},
  volume={},
  number={},
  pages={8927-8936},
  keywords={Training;Computer vision;Computational modeling;Pose estimation;Object detection;Benchmark testing;Predictive models;3D from single images},
  doi={10.1109/CVPR52729.2023.00862}}
@INPROCEEDINGS{lipson2022coupled,
  author={Lipson, Lahav and Teed, Zachary and Goyal, Ankit and Deng, Jia},
  booktitle={2022 IEEE/CVF Conference on Computer Vision and Pattern Recognition (CVPR)}, 
  title={Coupled Iterative Refinement for 6D Multi-Object Pose Estimation}, 
  year={2022},
  volume={},
  number={},
  pages={6718-6727},
  keywords={Computer vision;Three-dimensional displays;Codes;Pose estimation;Benchmark testing;Iterative methods;Task analysis;Pose estimation and tracking; Deep learning architectures and techniques},
  doi={10.1109/CVPR52688.2022.00661}}
@ARTICLE{besl1992method,
  author={Besl, P.J. and McKay, Neil D.},
  journal={IEEE Transactions on Pattern Analysis and Machine Intelligence}, 
  title={A method for registration of 3-D shapes}, 
  year={1992},
  volume={14},
  number={2},
  pages={239-256},
  keywords={Solid modeling;Motion estimation;Iterative closest point algorithm;Iterative algorithms;Testing;Inspection;Shape measurement;Iterative methods;Convergence;Quaternions},
  doi={10.1109/34.121791}}
@ARTICLE{umeyama1991least,
  author={Umeyama, S.},
  journal={IEEE Transactions on Pattern Analysis and Machine Intelligence}, 
  title={Least-squares estimation of transformation parameters between two point patterns}, 
  year={1991},
  volume={13},
  number={4},
  pages={376-380},
  keywords={Parameter estimation;Computer vision;Robot vision systems;Pattern recognition;Robotics and automation;Cameras;Computer graphics;Calibration;Image processing;Application software},
  doi={10.1109/34.88573}}

@article{zhou2018open3d,
    author    = {Qian-Yi Zhou and Jaesik Park and Vladlen Koltun},
    title     = {{Open3D}: {A} Modern Library for {3D} Data Processing},
    journal   = {arXiv:1801.09847},
    year      = {2018},
    doi       = {10.48550/arXiv.1801.09847}
}

@INPROCEEDINGS{ku2018joint,
  author={Ku, Jason and Mozifian, Melissa and Lee, Jungwook and Harakeh, Ali and Waslander, Steven L.},
  booktitle={2018 IEEE/RSJ International Conference on Intelligent Robots and Systems (IROS)}, 
  title={Joint 3D Proposal Generation and Object Detection from View Aggregation}, 
  year={2018},
  volume={},
  number={},
  pages={1-8},
  keywords={Three-dimensional displays;Feature extraction;Proposals;Computer architecture;Agriculture;Object detection;Two dimensional displays},
  doi={10.1109/IROS.2018.8594049}}
@InProceedings{li2018unified,
  author="Li, Chi
  and Bai, Jin
  and Hager, Gregory D.",
  editor="Ferrari, Vittorio
  and Hebert, Martial
  and Sminchisescu, Cristian
  and Weiss, Yair",
  title="A Unified Framework for Multi-view Multi-class Object Pose Estimation",
  booktitle="Computer Vision -- ECCV 2018",
  year="2018",
  publisher="Springer International Publishing",
  address="Cham",
  pages="263--281",
  isbn="978-3-030-01270-0",
  roi="10.1007/978-3-030-01270-0_16"
}
@InProceedings{liang2018deep,
author="Liang, Ming
and Yang, Bin
and Wang, Shenlong
and Urtasun, Raquel",
editor="Ferrari, Vittorio
and Hebert, Martial
and Sminchisescu, Cristian
and Weiss, Yair",
title="Deep Continuous Fusion for Multi-sensor 3D Object Detection",
booktitle="Computer Vision -- ECCV 2018",
year="2018",
publisher="Springer International Publishing",
address="Cham",
pages="663--678",
isbn="978-3-030-01270-0",
doi="10.1007/978-3-030-01270-0_39",
}
@INPROCEEDINGS{sundermeyer2020multi,
  author={Sundermeyer, Martin and Durner, Maximilian and Puang, En Yen and Marton, Zoltan-Csaba and Vaskevicius, Narunas and Arras, Kai O. and Triebel, Rudolph},
  booktitle={2020 IEEE/CVF Conference on Computer Vision and Pattern Recognition (CVPR)}, 
  title={Multi-Path Learning for Object Pose Estimation Across Domains}, 
  year={2020},
  volume={},
  number={},
  pages={13913-13922},
  keywords={Three-dimensional displays;Training;Encoding;Feature extraction;Decoding;Pose estimation;Solid modeling},
  doi={10.1109/CVPR42600.2020.01393}}
@InProceedings{hu2022perspective,
  author="Hu, Yinlin
  and Fua, Pascal
  and Salzmann, Mathieu",
  editor="Avidan, Shai
  and Brostow, Gabriel
  and Ciss{\'e}, Moustapha
  and Farinella, Giovanni Maria
  and Hassner, Tal",
  title="Perspective Flow Aggregation for Data-Limited 6D Object Pose Estimation",
  booktitle="Computer Vision -- ECCV 2022",
  year="2022",
  publisher="Springer Nature Switzerland",
  address="Cham",
  pages="89--106",
  isbn="978-3-031-20086-1",
  doi="10.1007/978-3-031-20086-1_6",
}
@article{Ge2021YOLOXEY,
  author       = {Zheng Ge and
                  Songtao Liu and
                  Feng Wang and
                  Zeming Li and
                  Jian Sun},
  title        = {{YOLOX:} Exceeding {YOLO} Series in 2021},
  journal      = {CoRR},
  volume       = {abs/2107.08430},
  year         = {2021},
  url          = {https://arxiv.org/abs/2107.08430},
  eprinttype    = {arXiv},
  eprint       = {2107.08430},
}
@ARTICLE{wen2020edge,
  author={Wen, Yilin and Pan, Hao and Yang, Lei and Wang, Wenping},
  journal={IEEE Robotics and Automation Letters}, 
  title={Edge Enhanced Implicit Orientation Learning With Geometric Prior for 6D Pose Estimation}, 
  year={2020},
  volume={5},
  number={3},
  pages={4931-4938},
  keywords={Image edge detection;Pose estimation;Training;Encoding;Labeling;Two dimensional displays;Color;Deep learning for visual perception;representation learning},
  doi={10.1109/LRA.2020.3005121}}
@article{chen2017deeplabv3,
  author       = {Liang{-}Chieh Chen and
                  George Papandreou and
                  Florian Schroff and
                  Hartwig Adam},
  title        = {Rethinking Atrous Convolution for Semantic Image Segmentation},
  journal      = {CoRR},
  volume       = {abs/1706.05587},
  year         = {2017},
  url          = {http://arxiv.org/abs/1706.05587},
  eprinttype    = {arXiv},
  eprint       = {1706.05587},
  timestamp    = {Mon, 13 Aug 2018 16:48:07 +0200},
  biburl       = {https://dblp.org/rec/journals/corr/ChenPSA17.bib},
  bibsource    = {dblp computer science bibliography, https://dblp.org}
}
@INPROCEEDINGS{zhou2019continuity,
  author={Zhou, Yi and Barnes, Connelly and Lu, Jingwan and Yang, Jimei and Li, Hao},
  booktitle={2019 IEEE/CVF Conference on Computer Vision and Pattern Recognition (CVPR)}, 
  title={On the Continuity of Rotation Representations in Neural Networks}, 
  year={2019},
  volume={},
  number={},
  pages={5738-5746},
  keywords={Motion and Tracking;3D from Single Image; Deep Learning ; Face;Gesture;and Body Pose ; Robotics + Driving},
  doi={10.1109/CVPR.2019.00589}}

@INPROCEEDINGS{tless,
  author={Hodan, Tom{\'a}{\v{s}} and Haluza, Pavel and Obdr{\v{z}}{\'a}lek, {\v{S}}tep{\'a}n and Matas, Jiri and Lourakis, Manolis and Zabulis, Xenophon},
  booktitle={2017 IEEE Winter Conference on Applications of Computer Vision (WACV)}, 
  title={{T-LESS}: An RGB-D Dataset for 6D Pose Estimation of Texture-Less Objects}, 
  year={2017},
  volume={},
  number={},
  pages={880-888},
  keywords={Three-dimensional displays;Solid modeling;Training;Image color analysis;Sensors;Image sensors;Pose estimation},
  doi={10.1109/WACV.2017.103}}

@INPROCEEDINGS{pitteri2019object,
  author={Pitteri, Giorgia and Ramamonjisoa, Michaël and Ilic, Slobodan and Lepetit, Vincent},
  booktitle={2019 International Conference on 3D Vision (3DV)}, 
  title={On Object Symmetries and 6D Pose Estimation from Images}, 
  year={2019},
  volume={},
  number={},
  pages={614-622},
  keywords={Three-dimensional displays;Pose estimation;Training;Measurement;Two dimensional displays;Machine learning algorithms;Object detection;Computer Vision;3D Pose Estimation;Deep Learning},
  doi={10.1109/3DV.2019.00073}}
@INPROCEEDINGS{Rusinkiewicz2001EfficientVO,
  author={Rusinkiewicz, S. and Levoy, M.},
  booktitle={Proceedings Third International Conference on 3-D Digital Imaging and Modeling}, 
  title={Efficient variants of the ICP algorithm}, 
  year={2001},
  volume={},
  number={},
  pages={145-152},
  keywords={Iterative closest point algorithm;Iterative algorithms;Convergence;Solid modeling;Iterative methods;Geometry;Layout;Minimization methods;Image sampling;Rough surfaces},
  doi={10.1109/IM.2001.924423}}
@INPROCEEDINGS{zhao2017pyramid,
  author={Zhao, Hengshuang and Shi, Jianping and Qi, Xiaojuan and Wang, Xiaogang and Jia, Jiaya},
  booktitle={2017 IEEE Conference on Computer Vision and Pattern Recognition (CVPR)}, 
  title={Pyramid Scene Parsing Network}, 
  year={2017},
  volume={},
  number={},
  pages={6230-6239},
  keywords={Semantics;Image segmentation;Neural networks;Convolution;Automobiles;Feature extraction},
  doi={10.1109/CVPR.2017.660}}
@inproceedings{zhang2023ddf,
 author = {Zhang, Chenyangguang and Di, Yan and Zhang, Ruida and Zhai, Guangyao and Manhardt, Fabian and Tombari, Federico and Ji, Xiangyang},
 booktitle = {Advances in Neural Information Processing Systems},
 editor = {A. Oh and T. Naumann and A. Globerson and K. Saenko and M. Hardt and S. Levine},
 pages = {56871--56884},
 publisher = {Curran Associates, Inc.},
 title = {DDF-HO: Hand-Held Object Reconstruction via Conditional Directed Distance Field},
 url = {https://proceedings.neurips.cc/paper_files/paper/2023/file/b2876deb92cbd098219a10da25671577-Paper-Conference.pdf},
 volume = {36},
 year = {2023}
}
@article{zhai2023sg,
  author       = {Guangyao Zhai and
                  Xiaoni Cai and
                  Dianye Huang and
                  Yan Di and
                  Fabian Manhardt and
                  Federico Tombari and
                  Nassir Navab and
                  Benjamin Busam},
  title        = {SG-Bot: Object Rearrangement via Coarse-to-Fine Robotic Imagination
                  on Scene Graphs},
  journal      = {CoRR},
  volume       = {abs/2309.12188},
  year         = {2023},
  url          = {https://doi.org/10.48550/arXiv.2309.12188},
  doi          = {10.48550/ARXIV.2309.12188},
  eprinttype    = {arXiv},
  eprint       = {2309.12188},
  timestamp    = {Mon, 25 Sep 2023 15:34:00 +0200},
  biburl       = {https://dblp.org/rec/journals/corr/abs-2309-12188.bib},
  bibsource    = {dblp computer science bibliography, https://dblp.org}
}
@INPROCEEDINGS{2024hipose,
  author={Lin, Yongliang and Su, Yongzhi and Nathan, Praveen and Inuganti, Sandeep and Di, Yan and Sundermeyer, Martin and Manhardt, Fabian and Stricker, Didier and Rambach, Jason and Zhang, Yu},
  booktitle={2024 IEEE/CVF Conference on Computer Vision and Pattern Recognition (CVPR)}, 
  title={HiPose: Hierarchical Binary Surface Encoding and Correspondence Pruning for RGB-D 6DoF Object Pose Estimation}, 
  year={2024},
  volume={},
  number={},
  pages={10148-10158},
  keywords={Computer vision;Accuracy;Pose estimation;Benchmark testing;Rendering (computer graphics);Encoding;Real-time systems;Object Pose Estimation;RGB-D},
  doi={10.1109/CVPR52733.2024.00967}}
@ARTICLE{symnet,
  author={Lin, Yongliang and Su, Yongzhi and Inuganti, Sandeep and Di, Yan and Ajilforoushan, Naeem and Yang, Hanqing and Zhang, Yu and Rambach, Jason},
  journal={IEEE Transactions on Image Processing}, 
  title={Resolving Symmetry Ambiguity in Correspondence-Based Methods for Instance-Level Object Pose Estimation}, 
  year={2025},
  volume={34},
  number={},
  pages={1700-1711},
  keywords={Three-dimensional displays;Image coding;Pose estimation;Solid modeling;Training;Image color analysis;Encoding;Binary codes;Accuracy;Translation;Object pose estimation;symmetry ambiguity;deep learning for visual perception;representation learning},
  doi={10.1109/TIP.2025.3544142}}

@INPROCEEDINGS{10450983,
  author={He, Ziyao and Cai, Zhongmin},
  booktitle={2023 China Automation Congress (CAC)}, 
  title={Enhancing Augmented Reality Dialogue Systems with Multi-Modal Referential Information}, 
  year={2023},
  volume={},
  number={},
  pages={6838-6843},
  keywords={Solid modeling;Automation;Virtual environments;Transforms;Task analysis;Augmented reality;Augmented Reality;Chatbot;SIMMC2-Point Dataset},
  doi={10.1109/CAC59555.2023.10450983}}
@INPROCEEDINGS{9727342,
  author={Yu, Sheng and Zhai, Di-Hua and Wu, Haoran and Liao, Jun and Xia, Yuanqing},
  booktitle={2021 China Automation Congress (CAC)}, 
  title={A RGB-D based 6D Object Pose Estimation and Its Application in Robotic Grasping}, 
  year={2021},
  volume={},
  number={},
  pages={5953-5958},
  keywords={Training;Performance evaluation;Pose estimation;Grasping;Streaming media;Feature extraction;Prediction algorithms;Pose Estimation;Robotic Grasping;Instance Segmentation;Rotation Anchors;Channel Attention},
  doi={10.1109/CAC53003.2021.9727342}}
@article{EPnP,
  author    = {Lepetit, Vincent and Moreno-Noguer, Francesc and Fua, Pascal},
  title     = {EPnP: An Accurate O(n) Solution to the PnP Problem},
  journal   = {International Journal of Computer Vision},
  year      = {2009},
  volume    = {81},
  number    = {2},
  pages     = {155--166},
  doi       = {10.1007/s11263-008-0152-6},
  month     = {2}
}
@INPROCEEDINGS {icbin,
author = {A. Doumanoglou and R. Kouskouridas and S. Malassiotis and T. Kim},
booktitle = {2016 IEEE Conference on Computer Vision and Pattern Recognition (CVPR)},
title = {Recovering 6D Object Pose and Predicting Next-Best-View in the Crowd},
year = {2016},
volume = {},
issn = {1063-6919},
pages = {3583-3592},
keywords = {pose estimation;three-dimensional displays;feature extraction;object detection;cameras;training},
doi = {10.1109/CVPR.2016.390},
publisher = {IEEE Computer Society},
address = {Los Alamitos, CA, USA},
month = {6}
}
@INPROCEEDINGS{haugaard2022surfemb,
  author={Haugaard, Rasmus Laurvig and Buch, Anders Glent},
  booktitle={2022 IEEE/CVF Conference on Computer Vision and Pattern Recognition (CVPR)}, 
  title={SurfEmb: Dense and Continuous Correspondence Distributions for Object Pose Estimation with Learnt Surface Embeddings}, 
  year={2022},
  volume={},
  number={},
  pages={6739-6748},
  keywords={Visualization;Computer vision;Computational modeling;Pose estimation;Color;Pattern recognition;Pose estimation and tracking; Machine learning; Representation learning},
  doi={10.1109/CVPR52688.2022.00663}}
@InProceedings{RGBT,
  author="Stoiber, Manuel
  and Pfanne, Martin
  and Strobl, Klaus H.
  and Triebel, Rudolph
  and Albu-Sch{\"a}ffer, Alin",
  editor="Ishikawa, Hiroshi
  and Liu, Cheng-Lin
  and Pajdla, Tomas
  and Shi, Jianbo",
  title="A Sparse Gaussian Approach to Region-Based 6DoF Object Tracking",
  booktitle="Computer Vision -- ACCV 2020",
  year="2021",
  publisher="Springer International Publishing",
  address="Cham",
  pages="666--682",
  isbn="978-3-030-69532-3",
  doi="10.1007/978-3-030-69532-3_40",
}

@article{SRT3D,
  author    = {Manuel Stoiber and Martin Pfanne and Klaus H. Strobl and Rudolph Triebel and Alin Albu-Schäffer},
  title     = {SRT3D: A Sparse Region-Based 3D Object Tracking Approach for the Real World},
  journal   = {International Journal of Computer Vision},
  year      = {2022},
  volume    = {130},
  number    = {4},
  pages     = {1008--1030},
  doi       = {10.1007/s11263-022-01579-8},
  month     = {4}
}
@INPROCEEDINGS{wuest2005adaptive,
  author={Wuest, H. and Vial, F. and Stricker, D.},
  booktitle={Fourth IEEE and ACM International Symposium on Mixed and Augmented Reality (ISMAR'05)}, 
  title={Adaptive line tracking with multiple hypotheses for augmented reality}, 
  year={2005},
  volume={},
  number={},
  pages={62-69},
  keywords={Augmented reality;Cameras;Testing;Lighting;Performance evaluation;Hardware;Robustness;Graphics;State estimation;Gyroscopes},
  doi={10.1109/ISMAR.2005.8}}

@misc{itseez2015opencv,
  title={Open Source Computer Vision Library},
  author={Itseez},
  year={2015},
  howpublished = {\url{https://github.com/itseez/opencv}}
}
@ARTICLE{pvnet,
  author={Peng, Sida and Zhou, Xiaowei and Liu, Yuan and Lin, Haotong and Huang, Qixing and Bao, Hujun},
  journal={IEEE Transactions on Pattern Analysis and Machine Intelligence}, 
  title={PVNet: Pixel-Wise Voting Network for 6DoF Object Pose Estimation}, 
  year={2022},
  volume={44},
  number={6},
  pages={3212-3223},
  keywords={Pose estimation;Three-dimensional displays;Two dimensional displays;Solid modeling;Prediction algorithms;Computational modeling;Uncertainty;Object pose estimation;pixel-wise voting networks;keypoint detection},
  doi={10.1109/TPAMI.2020.3047388}}

@INPROCEEDINGS{9191119,
  author={Hagelskjær, Frederik and Buch, Anders Glent},
  booktitle={2020 IEEE International Conference on Image Processing (ICIP)}, 
  title={{PointVoteNet}: Accurate Object Detection And 6 DOF Pose Estimation In Point Clouds}, 
  year={2020},
  volume={},
  number={},
  pages={2641-2645},
  keywords={Three-dimensional displays;Training;Pose estimation;Solid modeling;Image color analysis;Machine learning;Computational modeling;Deep learning;Point clouds;Pose estimation},
  doi={10.1109/ICIP40778.2020.9191119}}
@ARTICLE{8765585,
  author={Papaioannidis, Christos and Pitas, Ioannis},
  journal={IEEE Transactions on Circuits and Systems for Video Technology}, 
  title={{3D} Object Pose Estimation Using Multi-Objective Quaternion Learning}, 
  year={2020},
  volume={30},
  number={8},
  pages={2683-2693},
  keywords={Three-dimensional displays;Pose estimation;Quaternions;Object recognition;Artificial neural networks;Search problems;Image color analysis;3D object pose estimation;convolutional neural networks (CNNs);multi-objective learning;object recognition;quaternion},
  doi={10.1109/TCSVT.2019.2929600}}

@ARTICLE{9933183,
  author={Zou, Lu and Huang, Zhangjin and Gu, Naijie and Wang, Guoping},
  journal={IEEE Transactions on Image Processing}, 
  title={{6D-ViT}: Category-Level 6D Object Pose Estimation via Transformer-Based Instance Representation Learning}, 
  year={2022},
  volume={31},
  number={},
  pages={6907-6921},
  keywords={Pose estimation;Shape;Transformers;Solid modeling;Image reconstruction;Point cloud compression;Representation learning;6D object pose estimation;3D object detection;vision transformer;representation learning},
  doi={10.1109/TIP.2022.3216980}}
@ARTICLE{9206072,
  author={Papaioannidis, Christos and Mygdalis, Vasileios and Pitas, Ioannis},
  journal={IEEE Transactions on Image Processing}, 
  title={Domain-Translated 3D Object Pose Estimation}, 
  year={2020},
  volume={29},
  number={},
  pages={9279-9291},
  keywords={Three-dimensional displays;Pose estimation;Feature extraction;Training;Task analysis;Two dimensional displays;Training data;3D object pose estimation;image-to-image translation;domain-translated;synthetic data},
  doi={10.1109/TIP.2020.3025447}}

@ARTICLE{9429889,
  author={Guo, Jianwei and Xing, Xuejun and Quan, Weize and Yan, Dong-Ming and Gu, Qingyi and Liu, Yang and Zhang, Xiaopeng},
  journal={IEEE Transactions on Image Processing}, 
  title={Efficient Center Voting for Object Detection and 6D Pose Estimation in 3D Point Cloud}, 
  year={2021},
  volume={30},
  number={},
  pages={5072-5084},
  keywords={Three-dimensional displays;Pose estimation;Shape;Object detection;Feature extraction;Object recognition;Transmission line matrix methods;6D pose estimation;3D object recognition;point pair features;3D point cloud},
  doi={10.1109/TIP.2021.3078109}}
@article{billings2019silhonet,
  title={{SilhoNet}: An {RGB} method for 6D object pose estimation},
  author={Billings, Gideon and Johnson-Roberson, Matthew},
  journal={IEEE Robotics and Automation Letters},
  volume={4},
  number={4},
  pages={3727--3734},
  year={2019},
  publisher={IEEE}
}
@inproceedings{hybridpose,
  title={{HybridPose}: 6d object pose estimation under hybrid representations},
  author={Song, Chen and Song, Jiaru and Huang, Qixing},
  booktitle={Proceedings of the IEEE/CVF conference on computer vision and pattern recognition},
  pages={431--440},
  year={2020}
}
